2966 5092
779 449 821 517 26

251 661 435 736 perator-um
456 653 612 749 neoeoriis
634 652 765 718 Dianae
785 672 863 716 suae
883 652 1064 717 neoeoriam
1086 651 1247 717 interdum
1269 673 1343 718 eon·

251 761 387 845 fudisse,
420 772 456 828 ut
483 755 637 848 τετράκις
666 753 831 848 νεωκόροι
860 759 1043 844 evaderent,
1074 760 1282 827 Vaillantium
1313 770 1346 827 et

251 869 441 936 Eekhelium
472 872 573 936 secuti
601 869 686 936 inira
715 870 1005 936 demonstrabimus
1019 871 1055 953 ¹).
1106 868 1200 948 Quod
1234 879 1347 936 eontra

251 1001 371 1044 murem
393 980 434 1045 ab
456 979 605 1066 Ephesiis
626 979 747 1044 lactum
769 1001 838 1044 esse
858 978 933 1044 inde
958 979 1072 1061 scitur,
1104 977 1189 1063 quod
1211 979 1244 1042 in
1265 979 1345 1064 lapi-

251 1087 361 1172 dibus,
391 1109 471 1174 quus
492 1089 612 1153 maiore
632 1107 705 1151 eum
725 1087 894 1171 diligentia
923 1087 1094 1170 inscriptos
1116 1107 1186 1151 esse
1208 1095 1344 1171 constat,

252 1195 450 1282 quadruplici
464 1197 614 1261 neoeuria
627 1217 791 1280 nunquam
806 1195 994 1278 gloriantur,
1016 1192 1072 1258 sed
1085 1195 1158 1279 τρὶς
1171 1187 1346 1280 νεωκόρον

251 1308 322 1371 τῶν
334 1308 519 1385 Σεβαστῶν
534 1305 663 1390 καὶτῆς
679 1293 863 1389 Ἀρτέμιδος
882 1303 1044 1367 civitatem
1065 1323 1157 1368 suam
1171 1302 1344 1389 appellant.

251 1413 355 1481 Simili
376 1422 483 1478 autem
502 1411 597 1477 modo
618 1421 654 1476 ut
675 1412 737 1477 alia
762 1432 889 1497 quoque
912 1409 1030 1496 oppida
1050 1411 1137 1476 nullo
1159 1409 1344 1493 Causarum,

252 1521 309 1587 sed
336 1521 389 1586 dei
416 1519 537 1586 deaeve
564 1521 740 1606 cuiuspiam
767 1521 887 1605 templo
918 1529 1074 1584 exornata
1103 1513 1270 1606 νεωκόροι
1296 1521 1343 1584 in·

252 1630 392 1695 solenter
412 1629 662 1715 appellarentur,
690 1627 760 1694 fieri
780 1629 923 1714 potuisse
952 1649 1072 1712 negare
1093 1649 1159 1692 non
1180 1628 1343 1694 audemus.

252 1737 340 1818 Quas
361 1738 507 1802 civitates
528 1737 590 1802 hoe
611 1758 759 1822 peccasse
780 1737 950 1801 verisimile
975 1737 1034 1819 sit,
1067 1758 1124 1801 suo
1145 1738 1216 1802 loeo
1237 1757 1345 1802 mone

251 1845 365 1911 bimus.
408 1843 570 1912 Universa
594 1853 702 1910 antem
733 1843 840 1908 dicere
859 1844 935 1908 lieet
962 1844 1008 1908 eis
1030 1843 1230 1927 civitatibus,
1263 1865 1346 1930 quae

191 1935 194 1940 ¹
251 1954 402 2019 neocoria
422 1953 602 2037 gloriantur
621 1973 726 2037 neque
747 1953 835 2016 euius
864 1950 1009 2016 aedituos
1039 1973 1110 2016 sese
1134 1951 1346 2038 profiteantur

251 2061 383 2146 addunt,
405 2063 586 2127 neocoriam
608 2061 845 2147 imperatoriam
865 2059 1102 2126 attribuendam
1124 2082 1203 2126 esse.

334 2169 408 2235 Hoc
428 2170 611 2236 tenentibus
633 2191 742 2235 earum
763 2171 938 2254 civitatum,
968 2191 1051 2256 quae
1071 2171 1105 2234 in
1125 2168 1285 2256 lapidibus
1306 2191 1345 2235 ae

252 2280 390 2344 nummis
418 2279 549 2344 deorum
569 2280 718 2344 neocoria
744 2287 877 2344 ornatae
897 2279 1150 2364 conspiciantur,
1179 2281 1257 2345 satis
1280 2281 1343 2344 exi·

252 2409 351 2472 guum
372 2407 442 2452 esse
463 2409 629 2453 numerum
651 2387 844 2453 censendum
865 2386 958 2452 nobis
980 2396 1038 2452 est.
1075 2386 1197 2452 Contra
1210 2388 1244 2452 in
1258 2387 1345 2453 uultu

253 2495 427 2562 Caesarum
448 2497 598 2562 neoeoria
618 2496 772 2562 latissime
793 2504 907 2582 patet:
930 2493 971 2560 ab
993 2495 1073 2560 Asia
1095 2497 1180 2560 enim
1200 2496 1345 2584 prolaeta

251 2605 504 2690 provinciarum,
541 2626 623 2690 quae
655 2603 810 2670 finitimae
840 2613 934 2685 sunt,
967 2605 1149 2670 civitatibus
1182 2606 1344 2692 oeeupatis

251 2735 354 2800 usque
373 2713 415 2778 ad
436 2713 565 2800 Syriam
583 2722 616 2778 et
630 2713 856 2797 Palaestinam,
877 2712 1049 2779 Thraciam
1070 2736 1108 2779 ae
1122 2712 1344 2780 Macedoniam

251 2830 431 2907 propagata
452 2829 508 2886 est.

334 2929 425 2996 Haec
446 2931 674 3016 imperatorum
695 2929 853 3013 neoeoria,
875 2949 972 3014 qnam
985 2936 1110 2994 veteres
1131 2930 1248 2994 secutis
1269 2949 1344 2994 neo·

253 3039 371 3103 coriam
401 3038 543 3104 breviter
572 3046 606 3102 et
632 3037 818 3122 simpliciter
846 3057 963 3102 vocare
990 3036 1084 3102 nobis
1111 3037 1236 3122 lieebit,
1268 3037 1345 3122 qnid

234 3131 349 3212 ¹fluuit
384 3147 580 3232 quaerimus;
612 3154 727 3230 agetur
757 3153 866 3210 autem
897 3145 999 3230 primo
1032 3144 1073 3210 de
1103 3146 1157 3229 iis,
1189 3167 1272 3231 quae
1303 3144 1344 3210 ad

252 3255 421 3321 neoeoriae
461 3255 589 3320 titulum
630 3253 866 3339 impetrandum
908 3252 1091 3318 civitatibus
1127 3275 1207 3340 opus
1243 3262 1344 3337 erant,

254 3363 370 3429 deinde
391 3363 432 3429 de
453 3372 607 3450 tempore,
629 3385 692 3449 quo
714 3362 862 3446 singulae
880 3355 1046 3448 νεωκόροι
1066 3361 1172 3428 factae
1192 3371 1276 3428 sunt.

723 3544 830 3632 Caput
850 3545 877 3612 Ι.
950 3571 953 3580 ’

254 3685 343 3763 (luae
355 3681 461 3752 luerit
472 3681 656 3764 civitatum,
667 3698 751 3766 quae
762 3680 936 3749 (laesarum
946 3672 1111 3766 νεωκόροι
1122 3678 1346 3766 appellantur,

721 3788 880 3860 aalide.

333 3923 425 3991 Inter
439 3926 595 4008 civitates,
611 3945 693 4010 quae
707 3932 742 3988 ut
757 3922 907 3988 neocoria
920 3920 1084 4007 praeditae
1098 3919 1139 3986 ab
1151 3919 1306 3986 Eekhelio
1317 3919 1344 4003 ²)

254 4043 286 4100 et
306 4033 537 4099 recentioribus
549 4032 576 4117 ³)
604 4031 795 4114 afferuntur,
825 4051 890 4094 non
912 4051 1030 4115 paucas
1052 4050 1137 4112 esse,
1166 4049 1249 4115 quae
1269 4051 1346 4094 num

324 4235 345 4303 ¹)
364 4235 427 4302 Cap.
444 4237 457 4286 l
475 4237 490 4298 9
508 4240 531 4285 4.

324 4321 345 4389 ¹)
364 4323 402 4373 IV
419 4339 443 4390 p.
464 4325 510 4374 291
532 4337 569 4387 sq.

322 4407 344 4477 ⁸)
364 4409 477 4474 Krause,
497 4405 647 4476 Νεωκόρος
663 4422 689 4475 p.
708 4407 816 4461 25-39.
852 4407 1011 4469 Muneeaux,
1029 4403 1046 4454 l.
1064 4404 1082 4455 l.
1100 4419 1125 4472 p.
1145 4405 1184 4456 26.
