2966 5092
806 447 846 512 18

360 643 479 712 Utrum
499 655 609 714 autem
629 647 701 712 aliis
721 647 755 714 in
776 650 903 736 templis
924 649 1061 714 ministri
1083 649 1237 716 eiusmodi
1255 660 1289 716 et
1309 651 1370 736 ipsi

277 755 405 820 neocori
436 754 587 840 appellati
619 756 685 820 siut
712 777 755 820 an
781 758 990 842 deportaverit
1020 756 1075 840 (cf.
1097 757 1145 823 Le
1166 757 1369 824 Bas-Wadd.

276 861 331 926 111
363 862 424 928 358
460 860 621 948 (Myissae
653 864 735 950 rep.)
768 901 810 912 -
841 862 898 932 ἐπὶ
928 853 1107 950 ἀρχιερέως
1137 901 1180 914 --
1210 883 1371 951 crepam

277 963 388 1055 φόρου
419 969 468 1066 δὲΙ
497 1007 539 1018 -
579 963 721 1054 Μόσχου
772 968 1067 1059 νεωκ[οροῦντος],
1111 963 1372 1060 ὑπηρετούντων

276 1074 445 1164 ch[lov],
474 1082 583 1166 Μηνᾶ,
605 1074 819 1168 Δημο[νὶκου]
840 1117 881 1128 -
904 1079 974 1167 [τῷ]
996 1079 1051 1148 Διΐ
1079 1090 1120 1148 et.
1142 1081 1214 1148 Ael.
1236 1082 1370 1148 Aristid.

276 1183 293 1250 Ι
328 1207 359 1270 p.
391 1185 487 1262 44718
522 1186 639 1271 Dind.)
681 1187 733 1252 vel
772 1189 875 1254 simile
910 1189 987 1274 quid
1022 1188 1222 1272 audiverint,
1258 1211 1371 1276 pamm

275 1293 386 1379 liquet.
428 1293 511 1360 Illud
542 1295 671 1381 quidem
700 1318 821 1381 negare
850 1296 922 1362 ideo
953 1299 1118 1382 nolumus,
1148 1300 1224 1384 quia
1249 1299 1372 1365 Romae

276 1423 404 1488 quoque
424 1403 457 1470 iu
478 1404 606 1488 templis
627 1403 818 1490 quibusdam
832 1405 895 1470 duo
915 1405 1118 1472 aedituorum
1138 1428 1259 1492 genera
1272 1407 1372 1473 fuisse

276 1511 408 1589 scimus,
438 1511 574 1578 alterum
596 1513 737 1578 virorum
757 1513 928 1597 nobilium,
957 1515 1012 1600 qui
1041 1515 1234 1600 templorum
1262 1537 1372 1580 curam

275 1619 408 1704 periculi
427 1621 478 1684 sui
499 1619 654 1701 facerent,
675 1621 811 1686 alterum
838 1643 1004 1686 servorum
1026 1631 1059 1688 et
1077 1621 1273 1706 libertorum,
1302 1625 1370 1709 qni·

276 1727 335 1792 bus
357 1727 461 1794 officia
489 1727 620 1796 humilia
648 1729 883 1814 delegarentur.
927 1729 991 1810 Qui
1020 1751 1215 1816 quamquam
1242 1732 1373 1817 proprie

275 1836 519 1922 appellabantur
553 1837 673 1904 aeditui
710 1839 848 1904 ministri
892 1838 958 1921 (vel
992 1859 1013 1903 a
1046 1838 1218 1924 sacrario),
1262 1849 1371 1904 nmen

153 2025 158 2036 Ι
275 1944 462 2031 plerumque
486 1945 607 2012 aeditui
636 1947 765 2012 nomine
795 1947 1022 2030 glorianturl).
1066 1947 1139 2012 Etsi
1159 1968 1226 2012 non
1247 1946 1371 2032 eadem,

274 2061 309 2120 at
331 2053 448 2118 similia
467 2054 501 2118 in
522 2054 649 2140 templis
664 2053 829 2139 Serapidis
851 2053 1155 2140 deprehenduntur:
1178 2054 1218 2119 cf.
1242 2055 1372 2120 titulum

274 2160 454 2228 Laodiceae
492 2162 608 2246 Syriae
647 2171 809 2248 repertum
844 2185 870 2228 c
903 2163 923 2226 i.
958 2185 989 2248 g.
1021 2163 1105 2228 4470
1141 2155 1372 2248 Σωσιπότραν

278 2269 462 2354 θεογένονς
481 2275 544 2336 τοῦ
563 2263 779 2356 Στράτωνος,
808 2274 871 2338 τοῦ
891 2260 1141 2359 όρχιΙζ]ακόρου
1164 2271 1371 2356 (ΑΡΧΙΝΑ-

275 2381 430 2444 KOP01⁷
433 2378 446 2464 )
468 2383 530 2446 τοῦ
553 2373 700 2464 μεγάλου
720 2372 927 2465 Σαράπιδος,
957 2416 998 2427 -
1027 2377 1266 2465 ἱερασαμένῘηΙν
1286 2375 1372 2465 τ[ῆ]ς

274 2505 391 2590 κυρίας
412 2493 597 2590 Ἀρτέμιδος
617 2509 668 2591 τῷ
689 2489 748 2592 {g}
769 2502 836 2572 ἔτει
857 2507 912 2587 (ε
924 2526 953 2568 a.
965 2525 995 2569 u.
1009 2527 1035 2569 c.
1047 2503 1123 2587 868)
1145 2541 1186 2552 -
1207 2494 1228 2588 ἡ
1247 2498 1370 2591 μάμμη.

275 2611 458 2678 Verisimile
485 2613 584 2698 igitur
605 2623 654 2678 est
675 2635 746 2697 eos,
777 2614 832 2699 qui
853 2613 887 2677 in
908 2613 1011 2678 titulis
1031 2613 1185 2677 Romanis
1212 2602 1231 2677 ό
1258 2607 1372 2698 κρότι-

276 2737 354 2799 στος
376 2714 546 2805 νεωκόρος
567 2721 608 2803 (c.
620 2722 640 2784 i.
654 2741 685 2806 g.
707 2721 799 2786 5996.
822 2721 920 2804 6001)
942 2721 995 2786 vel
1016 2711 1280 2806 όπρεοβύτοτος
1300 2725 1373 2786 τῶν

274 2822 455 2915 νεωκόρον
484 2831 546 2894 τοῦ
573 2822 769 2914 Σαράπιδος
799 2827 890 2911 (ibid.
918 2828 1026 2913 5913.)
1056 2827 1276 2914 appellantur,
1304 2849 1371 2893 nou

274 2937 448 3002 iactatione
469 2935 607 3023 quadam
619 2935 656 3021 ²),
678 2936 735 3002 sed
757 2937 833 3022 quia
846 2937 977 3021 collegis
998 2937 1064 3000 suis
1079 2936 1254 3021 praepositi
1268 2945 1370 3018 erant,

274 3045 351 3110 illud
383 3039 560 3132 κράτιστος
580 3054 637 3110 aut
665 3039 894 3132 πρεσβύτατος
921 3044 1048 3114 addere.
1092 3042 1239 3108 Eandem
1271 3043 1372 3109 fuisse

273 3155 431 3220 rationem
462 3155 495 3218 in
527 3152 660 3220 delubro
694 3155 800 3240 aliquo
838 3154 979 3218 civitatis
1014 3153 1220 3218 Acuanorum
1252 3173 1370 3236 coguo-

275 3262 391 3326 soimus
414 3283 454 3326 ex
475 3261 568 3326 titulo
591 3284 619 3326 c.
642 3263 662 3326 i.
685 3283 716 3347 g.
738 3261 811 3327 add.
834 3262 915 3326 3831
931 3283 952 3326 a
975 3260 1014 3325 13
1037 3289 1074 3314 =
1096 3259 1145 3325 Le
1165 3258 1370 3324 Bas-Wadd.

274 3367 328 3434 ΙΠ
349 3369 411 3434 842
432 3405 470 3416 -
490 3357 531 3436 Ἀ.
551 3373 610 3435 Κλ.
633 3370 791 3450 Λέπιδον,
820 3363 882 3436 τόν
911 3358 1168 3454 όρχινεωκόρον,
1196 3366 1286 3454 ἱερέα
1307 3371 1371 3434 τοῦ

274 3467 525 3564 αὐτοκράτορος
546 3471 599 3543 διὰ
619 3479 711 3560 βίον,
742 3468 895 3564 ἀρχιερέα
916 3466 1020 3554 Ἇοίας
1051 3480 1144 3543 ναῶν
1163 3475 1201 3542 ἐν
1220 3469 1370 3562 Σμύρνῃ,

274 3577 532 3672 στεφανηφόρον
552 3609 582 3651 κ.
603 3609 631 3652 τ.
652 3589 681 3652 λ.
724 3586 849 3652 Eodem
870 3595 957 3652 certe
977 3585 1182 3652 referendum
1202 3594 1261 3669 est,
1282 3585 1370 3671 quod

273 3693 516 3781 amphictyones
539 3693 785 3760 Atheniensium
803 3696 837 3760 in
859 3693 952 3759 titulo
973 3694 1100 3779 saepius
1121 3691 1369 3779 supralaudato

274 3801 397 3884 (bullet.
422 3799 462 3867 de
490 3823 569 3866 corr.
591 3801 664 3867 hell.
686 3801 773 3868 vm
793 3824 825 3888 p.
847 3801 923 3884 284)
953 3803 1122 3888 pecuniam
1149 3810 1250 3868 semet
1279 3821 1370 3866 acoe-

273 3911 359 3997 pisse
380 3909 492 3976 dicunt
512 3909 553 3976 ab
575 3909 855 3996 amphictyonibus
871 3919 904 3976 et
918 3933 938 3976 a
952 3909 1088 3995 Scylace
1105 3931 1243 3975 neocoro
1256 3910 1368 3996 iisque,
1460 3987 1461 3990 ρ

343 4183 362 4251 ¹)
382 4185 414 4235 ot.
434 4185 596 4250 marquardo,
614 4185 631 4237 l.
650 4185 667 4236 1.
686 4202 712 4254 p.
731 4189 789 4237 382.

341 4278 362 4348 ')
382 4280 458 4343 Quod
475 4280 586 4332 Frauuio
605 4280 650 4346 (sd
668 4294 691 4332 c.
712 4280 729 4332 i.
748 4296 774 4348 g.
794 4277 873 4346 5996)
892 4277 1041 4330 videbatur.
