2966 5092
774 413 814 480 10

252 610 362 698 Oropo
384 635 449 678 non
470 615 611 699 paullum
631 623 790 680 remotum
811 613 910 679 fuisse
931 614 1058 696 scimus,
1080 633 1137 698 per
1158 610 1226 676 dies
1247 620 1346 696 atque

250 730 361 785 noctes
393 720 434 786 ab
466 723 607 806 aegrotis
640 722 878 808 frequentetur,
915 719 1063 786 sacerdos
1097 731 1203 784 sutem
1235 719 1346 802 paucis

250 837 375 894 tantum
406 831 517 896 diebus
542 833 575 896 in
602 832 721 917 templo
750 831 863 896 adesse
893 830 1057 912 iubeatur,
1088 829 1128 894 de
1158 828 1347 920 assiduitate

251 939 379 1002 neocori
411 941 555 1024 cogitare
569 941 594 1023 ¹)
634 961 836 1022 cogeremur,
874 940 934 1002 etsi
966 937 1006 1002 de
1038 938 1186 1002 neocoric
1220 935 1347 1020 templis

251 1045 375 1111 adiecto
409 1048 454 1112 nil
486 1048 613 1112 aliunde
649 1049 811 1112 sciremus.
866 1045 1017 1131 Legimus
1050 1056 1156 1110 autem
1187 1046 1220 1108 in
1253 1043 1346 1108 titulo

251 1154 396 1218 mutilato
420 1154 445 1218 c.
468 1157 488 1219 i.
511 1179 538 1220 a.
561 1155 597 1220 H
618 1155 678 1220 827
705 1155 767 1220 1.9
798 1205 898 1220 ....
931 1179 951 1220 α
981 1148 1042 1220 δύο
1074 1146 1160 1240 πρὸς
1189 1156 1239 1238 τῷ
1266 1175 1348 1218 νεω-

250 1263 363 1348 κορὶῳ.
413 1262 527 1348 Neque
555 1263 791 1346 Boeckhium²)
825 1264 926 1328 secuti
958 1285 1071 1328 vocem
1100 1255 1286 1348 νεωκόριον
1313 1262 1347 1324 in

251 1369 357 1454 lapide
380 1370 464 1435 clare
477 1371 503 1455 3)
533 1372 710 1437 exhibitam
731 1373 764 1436 in
786 1372 999 1456 suspicionem
1022 1371 1226 1454 vocabimus,
1257 1391 1346 1454 prae·

252 1479 362 1543 sertim
394 1501 466 1544 cum
498 1481 531 1544 in
565 1481 657 1545 titulo
688 1480 907 1562 Eleusiniaco,
941 1501 1036 1565 quem
1065 1478 1165 1544 edidit
1195 1477 1347 1544 Chrestos

251 1585 379 1650 Isuntas
408 1585 504 1674 ἑφημ.
527 1577 675 1674 ἄρχαιολ.
707 1588 787 1653 1883
817 1610 847 1673 p.
876 1587 967 1664 11718
998 1588 1056 1650 col.
1080 1588 1121 1652 65
1150 1588 1204 1670 (=
1227 1609 1253 1652 c.
1276 1588 1295 1650 i.
1318 1608 1346 1650 a.

251 1693 324 1759 add.
347 1694 382 1759 II
404 1695 495 1760 8341)
518 1697 576 1762 col.
598 1695 634 1760 H
655 1697 675 1761 l.
697 1696 762 1780 65),
788 1695 938 1780 legantur
958 1694 1059 1759 verba
1077 1695 1255 1778 χοινικίδες
1275 1708 1349 1771 ταῖς

251 1797 372 1890 θύραις
400 1808 464 1870 τοῦ
494 1809 668 1891 θησαυροῦ
701 1806 757 1870 καὶ
786 1817 859 1881 ταῖς
880 1797 1002 1889 θύραις
1023 1808 1094 1870 τῶν
1121 1803 1272 1868 πυλίδων
1292 1805 1348 1868 καὶ

251 1925 324 1988 ταῖς
353 1916 416 1978 τοῦ
442 1915 628 1999 νεωκορίου
662 1914 716 1996 (cf.
740 1913 815 1978 ibid.
845 1911 1010 1994 (1014417),
1040 1913 1112 1997 72),
1145 1922 1177 1976 et
1208 1913 1349 1977 neocorii

252 2029 419 2106 praeterea
440 2023 559 2086 mentio
574 2021 630 2086 fiat
645 2024 678 2086 in
693 2021 785 2086 titulo
798 2021 942 2105 Deliaco,
965 2043 1061 2106 quem
1078 2019 1177 2085 edidit
1188 2019 1347 2103 Homolle‚

252 2127 362 2194 bullet.
379 2130 408 2194 d.
425 2153 505 2195 corr.
529 2130 642 2196 hellen.
669 2130 757 2213 1882,
780 2152 811 2216 p.
827 2131 867 2196 29
890 2132 942 2214 (=
959 2130 1201 2212 Dittenberger‚
1224 2129 1349 2213 sylloge

252 2259 283 2302 n.
307 2238 382 2323 367)
412 2240 525 2305 1177.
574 2239 710 2325 Delphis
741 2261 867 2324 quoque
897 2239 982 2325 apud
1010 2238 1177 2306 delubrum
1204 2237 1349 2302 aedituos

254 2345 417 2412 habitasse
449 2347 675 2434 comprobatur
709 2347 822 2430 titulo,
855 2349 910 2433 qui
944 2346 1047 2412 editus
1080 2356 1129 2411 est
1166 2346 1275 2410 bullet.
1309 2345 1349 2410 de

253 2476 391 2540 corresp.
421 2455 589 2520 hellen.V
620 2478 651 2541 p.
676 2456 756 2536 409,
789 2457 877 2520 cuius
909 2456 942 2518 in
973 2453 1038 2519 fine
1070 2455 1205 2538 legimus
1235 2443 1349 2520 dodvoi

252 2575 360 2628 κεῖται
386 2561 422 2628 dv
442 2587 479 2630 τε
501 2568 551 2649 τῷ
573 2563 653 2650 ἱερῷ
683 2568 744 2630 soi
767 2553 978 2639 Ἀπόλλωνος
1006 2555 1098 2648 παρὰ
1119 2562 1259 2628 Κλέωνα
1288 2555 1350 2627 τὸν

252 2665 421 2757 ναοκόρον
441 2674 497 2738 καὶ
520 2665 719 2758 Φιλοκράτη,
745 2662 936 2757 Εῧ1α1ρχον,
965 2659 1201 2756 Ἀριστόδαμον
1221 2659 1351 2755 Ἀμφισ-

253 2791 338 2859 σεῖς,
377 2773 527 2846 Κάλλιαν
559 2770 819 2865 Ἡρακλειώταν,
860 2777 1056 2865 [Alpoalvcv
1087 2781 1348 2845 Καλλιπολίταν.

255 2886 295 2952 cf.
325 2886 483 2952 Wescher
518 2897 550 2952 et
589 2888 748 2970 Fouoart,
785 2888 862 2951 insc.
895 2909 958 2952 rec.
992 2889 1012 2951 b
1042 2885 1185 2972 Delphes
1216 2908 1248 2951 n.
1278 2887 1349 2952 248.

255 2994 365 3082 Atque
396 3019 467 3061 cum
495 2997 712 3062 Romanorum
743 3018 870 3082 quoque
900 2995 1045 3060 aedituos
1073 2995 1106 3059 in
1136 2995 1268 3060 aedibus
1299 2996 1351 3076 vel

255 3125 355 3190 prope
374 3104 469 3170 aedes
491 3104 654 3170 habitasse
675 3103 914 3189 Marquardtius
936 3103 1203 3167 demonstraverit
1214 3103 1252 3186 4),
1281 3103 1349 3167 ubi-

256 3235 318 3298 que
349 3212 434 3278 hunc
468 3235 588 3278 morem
624 3213 722 3278 fuisse
757 3221 898 3277 statuere
933 3233 998 3276 non
1032 3210 1223 3276 dubitamus.
1278 3209 1351 3290 Qua

255 3320 454 3386 aedituorum
489 3321 677 3386 assiduitate
709 3320 884 3403 sacrilegiis
921 3320 1061 3384 maxime
1090 3321 1252 3405 provisum
1281 3341 1351 3384 esse

255 3451 368 3514 reapse
389 3439 487 3515 patet.
530 3429 640 3494 Facile
668 3438 775 3494 autem
804 3428 1017 3511 intellegitur,
1049 3427 1207 3513 quomodo
1230 3449 1270 3491 ex
1291 3427 1351 3492 hac

255 3557 361 3600 rerum
396 3559 558 3602 sacrarum
594 3535 739 3600 custodia
781 3534 977 3600 consuetudo
1014 3537 1090 3600 oriri
1124 3535 1280 3620 potuerit,
1316 3544 1352 3599 ut

256 3648 374 3733 privati
409 3667 536 3732 quoque
572 3644 716 3708 homines
753 3645 835 3708 siout
869 3643 992 3708 Romae
1027 3643 1164 3708 aedituis
1175 3641 1202 3727 ⁶)
1239 3645 1284 3708 ita
1318 3643 1350 3706 in

327 3888 347 3956 ¹)
367 3888 526 3955 Comprobat
544 3903 568 3938 v.
587 3887 771 3950 Wilamowita,
790 3886 807 3936 l.
826 3886 843 3936 l.
862 3901 886 3951 p.
907 3888 947 3936 94.

327 3973 348 4042 ²)
368 3974 585 4027 Staatshaushslt
603 3975 628 4024 II
646 3991 670 4041 p.
691 3976 747 4024 231.

326 4061 347 4127 8)
368 4063 401 4112 cf.
421 4059 580 4128 Rhangabd,
603 4068 656 4111 ant.
676 4060 737 4112 hell.
761 4059 794 4110 ad
818 4076 843 4109 11.
863 4061 921 4110 858.
956 4057 1092 4121 Homolle‚
1118 4057 1210 4108 bnllct.
1234 4058 1266 4108 de
1284 4073 1350 4108 corr.

256 4150 319 4201 hell.
338 4149 401 4199 VIII
419 4165 442 4214 p.
463 4151 520 4198 322.

326 4233 348 4300 ⁴)
367 4235 384 4284 l.
402 4234 420 4283 l.
438 4250 464 4299 p.
483 4235 541 4283 379.

326 4319 348 4386 ⁵)
368 4318 434 4371 lbid.
453 4335 478 4384 p.
498 4319 554 4368 381.
