2966 5092
810 449 850 513 16

727 536 926 544 -----

278 651 358 717 3831
383 647 442 714 a‘i
472 678 514 704 =
540 647 588 720 La
608 647 921 734 Bas-Waddington
942 648 997 714 111
1027 671 1058 714 n.
1080 649 1152 716 985.
1194 649 1314 715 Bullet.
1340 648 1387 714 de

279 782 359 824 corr.
374 759 488 824 hellen.
504 757 571 823 VII
592 779 622 844 p.
635 758 706 824 279.
722 759 792 823 292.
835 757 906 824 Neo
927 780 1004 824 vero
1027 779 1091 843 eos,
1114 760 1170 844 qui
1191 760 1224 823 in
1244 759 1385 844 templis

280 869 453 934 Caesarum
476 868 625 932 neoooria
645 866 748 932 functi
762 875 847 951 sunt,
870 866 990 932 ordinis
1006 867 1166 932 inferioris
1181 867 1281 932 fuisse
1299 888 1385 931 oon-

279 985 467 1041 sentaneum
489 983 546 1040 est.
590 975 630 1039 of.
654 997 680 1038 o.
703 975 722 1038 i.
745 996 776 1058 g.
798 974 881 1040 3190
908 964 929 1060 ἡ
950 968 1023 1060 ἱερὰ
1044 968 1185 1052 σύνοδος
1205 979 1276 1041 τῶν
1296 975 1386 1061 περὶ

278 1077 341 1150 τὸν
372 1083 511 1170 Βρεισέα
543 1076 707 1149 Διόνυσον
746 1087 926 1166 τεχνειτῶν
967 1084 1024 1148 καὶ
1062 1088 1198 1168 μυστῶν
1231 1087 1386 1170 Μᾶρκον

158 1194 164 1208 ’
278 1182 450 1279 Αὖρήλιον
480 1225 513 1240 -
547 1180 743 1272 Ἰουλιανόν,
775 1184 837 1257 τὸν
865 1191 915 1268 δὶς
948 1180 1107 1278 ἆσιάρχην
1138 1193 1196 1258 καὶ
1225 1210 1385 1278 οτεφανη

278 1294 387 1387 φόρον
407 1301 463 1366 καὶ
486 1292 659 1385 νεωκόρον
684 1302 753 1364 τῶν
774 1301 962 1378 Σεβαοτῶν
981 1300 1038 1364 καὶ
1058 1293 1187 1384 βάκχον
1202 1303 1265 1366 τοῦ
1286 1304 1383 1366 θεοῦ

277 1433 306 1474 κ.
328 1432 357 1474 τ.
380 1413 408 1474 λ.
453 1408 493 1472 ef.
515 1407 592 1472 ibid.
614 1407 706 1472 3484.
728 1407 819 1472 3497.
847 1406 921 1472 add.
944 1406 1025 1472 3831
1048 1429 1068 1472 a
1091 1408 1128 1472 17
1157 1437 1198 1462 =
1224 1407 1272 1472 Le
1293 1407 1381 1473 Bas·

277 1517 396 1582 Wadd.
417 1515 471 1581 ΠΙ
491 1515 561 1582 848.
603 1533 698 1600 μουο.
720 1539 750 1581 κ.
772 1509 973 1602 βιβλιοθήκη
998 1519 1058 1602 τῆς
1086 1505 1194 1602 εὖογγ.
1222 1520 1313 1600 οχολ.
1340 1514 1383 1582 ἐν

276 1619 415 1710 Σμύρνῃ
433 1623 486 1690 III
504 1624 669 1708 (1879180)
691 1646 721 1709 p.
736 1625 804 1688 177.
847 1629 905 1689 Γν.
927 1625 1012 1709 Πομ.
1036 1627 1266 1711 Κουαρτεῑνον
1286 1627 1379 1709 Πομ.

272 1725 467 1820 Ἑρμίππου,
489 1723 649 1819 ἆοιάρχου
669 1734 725 1798 καὶ
746 1725 919 1818 νεοκόρου,
940 1723 1004 1798 ὑὸν
1018 1735 1075 1798 καὶ
1091 1723 1197 1799 αὐτὸν
1209 1727 1382 1819 νεοκόρον

276 1847 347 1909 τῶν
367 1846 552 1923 Σεβαοτῶν
571 1843 628 1907 καὶ
648 1841 840 1926 γραμματέα
860 1845 923 1906 τοῦ
942 1834 1048 1926 δήμου
1069 1865 1098 1907 κ.
1121 1865 1150 1907 τ.
1173 1846 1201 1908 λ.

360 1951 518 2016 Dubitari
544 1951 644 2035 igitur
676 1955 742 2014 nori
773 1959 895 2035 potest,
930 1951 1006 2035 quin
1039 1951 1168 2014 neooori
1201 1960 1233 2014 et
1266 1952 1378 2014 saeori

276 2081 390 2124 munus
412 2061 482 2124 aliis
503 2059 581 2123 loeis
602 2057 864 2144 temporibusque
884 2057 971 2122 aliud
992 2057 1097 2122 fuerit⁴
1141 2057 1246 2138 Quam
1268 2070 1376 2125 muta-

277 2169 397 2232 tionem
426 2167 544 2253 ubique
565 2167 606 2232 ad
627 2167 821 2231 Asianorum
851 2165 1032 2251 exemplum
1060 2165 1225 2250 paullatim
1253 2165 1378 2231 factam

278 2297 348 2340 esse
370 2275 406 2341 O.
430 2276 483 2340 Fr.
498 2275 704 2340 Hermannus
726 2275 898 2357 censuit1).
941 2273 1036 2352 Quod
1058 2275 1085 2338 si
1106 2275 1152 2338 ita
1172 2296 1207 2338 se
1228 2273 1377 2358 haberet,

276 2385 513 2467 vituperatione
544 2384 634 2468 digni
667 2404 807 2448 essemus
840 2383 1048 2467 gravissima,
1081 2381 1166 2466 quod
1195 2383 1230 2446 in
1259 2381 1375 2447 officiis

277 2490 477 2556 aedituorum
510 2491 713 2556 recensendis
745 2501 924 2576 temporum
955 2491 1074 2554 nullam
1103 2489 1172 2556 fere
1202 2491 1374 2572 rationem,

278 2599 334 2664 sed
374 2599 489 2664 similia
525 2620 715 2684 componere
756 2601 833 2664 satis
874 2599 1051 2665 habuimus.
1109 2599 1223 2685 Neque
1262 2609 1374 2666 tamen

277 2707 464 2773 Hermanno
500 2708 647 2772 assentiri
682 2708 773 2790 lioet3
809 2729 884 2772 nam
920 2709 1017 2773 etiam
1054 2707 1164 2772 infima
1197 2717 1304 2774 aetate
1340 2710 1376 2772 in

277 2818 403 2902 templis
436 2816 595 2881 nonnullis
634 2837 788 2880 neocoros
826 2817 964 2900 negotiis
1003 2815 1163 2903 despectis
1199 2825 1374 2902 oeoupatos

277 2926 484 3008 eognovimus
497 2924 533 3008 ².)
576 2922 816 3009 Videnturt1git
818 2947 855 2989 ur
875 2925 1005 2990 neocori
1035 2925 1158 3010 aliquot
1189 2924 1349 3010 quidem
1339 2946 1375 2988 111

277 3034 403 3117 templis
425 3054 482 3117 per
503 3033 610 3097 omnia
630 3042 776 3118 tempora
796 3034 829 3096 in
856 3033 1035 3098 humilitate
1063 3054 1120 3096 sua
1149 3033 1374 3117 permansisse,

276 3141 490 3224 elimontem,
513 3143 594 3205 sieut
615 3141 816 3226 pyrophoris,
844 3163 979 3227 quorum
1000 3163 1115 3206 munus
1140 3140 1258 3204 humile
1280 3141 1374 3203 initio

277 3249 376 3313 fuisse
397 3259 540 3334 apparet,
561 3250 595 3313 in
606 3249 741 3314 Boeotia
762 3249 891 3335 quidem
913 3249 1089 3334 amplitudo
1112 3270 1176 3312 non
1197 3269 1296 3333 parva
1317 3247 1374 3311 ob·

276 3358 421 3442 venit³)‚
453 3359 549 3422 otiam
582 3358 628 3422 illi
659 3359 813 3423 maturius
846 3359 988 3422 seriusve
1025 3358 1136 3422 officiis
1171 3355 1374 3442 gravioribus

276 3467 436 3552 usurpatis
458 3465 649 3551 dignitatem
672 3466 833 3552 quandam
846 3467 985 3531 assecuti
1000 3487 1078 3530 esse.
1115 3464 1211 3544 Quod
1224 3474 1259 3528 ut
1272 3463 1374 3547 fieret,

277 3577 370 3640 unius
411 3573 572 3640 cuiusdam
607 3575 791 3659 provinoiae
830 3574 1013 3660 exemplum
1047 3574 1178 3638 minoris
1219 3572 1374 3636 momenti

277 3684 375 3749 fuisse
395 3683 523 3749 videtur
552 3704 647 3769 quam
674 3683 813 3748 fortuna.
856 3683 925 3747 Aut
953 3681 1112 3768 quomodo
1143 3679 1297 3766 explicari
1317 3699 1372 3764 po-

276 3803 350 3877 test,
371 3793 457 3879 quod
478 3802 616 3858 exeunte
637 3792 764 3858 saeculo
786 3814 816 3878 p.
841 3791 915 3858 Chr.
938 3793 1050 3878 quinto
1072 3789 1194 3856 aeditui
1212 3787 1373 3874 Apollinis

276 3901 467 3987 Dianaeque
494 3903 528 3966 iu
555 3901 658 3966 insula
687 3901 770 3967 Delo
801 3901 986 3966 muneribus
1015 3900 1092 3964 satis
1122 3897 1275 3984 gravibus
1303 3895 1372 3960 fun-

347 4175 366 4242 ¹)
385 4177 516 4242 Antiquit.
535 4177 561 4226 11
580 4179 595 4238 ἓ
614 4179 655 4240 36,
675 4179 697 4226 7.

346 4261 422 4328 )07
440 4266 508 4329 1>

345 4348 366 4418 8)
386 4351 419 4400 of.
440 4351 561 4414 Foueart,
579 4349 668 4400 adhe
686 4350 746 4413 Bas,
765 4365 825 4415 voy
844 4348 916 4400 aroh.
936 4349 963 4398 11
982 4365 1007 4398 n
1030 4347 1111 4398 1477).
