2966 5092
634 501 674 568 21

97 702 201 792 ἔργον
224 696 418 792 ὁσιώτερον.
455 705 558 774 Simili
579 715 686 772 autem
706 707 801 773 modo
814 705 907 772 Plato
929 726 1008 770 voee
1027 700 1197 793 νεωκόρος

95 815 203 878 utitur
225 839 234 880 r
258 813 298 878 ef.
321 815 382 898 leg.
399 813 448 879 VI
469 838 499 901 p.
512 815 604 881 7592
625 811 676 893 οἱς
695 815 757 901 μέν
778 813 840 881 εἰσι
860 806 998 900 πάτριαι
1020 809 1196 900 ἱερωσύναι

94 924 152 988 καὶ
175 917 243 1003 αῖς,
264 916 308 1010 μὴ
329 937 433 989 κινεῖν
444 923 458 957 ·'
483 923 512 989 εἰ
536 923 571 989 δὲ
594 919 668 990 οῖον
688 917 727 990 τὸ
749 927 888 1009 πρῶτον
912 924 1196 1008 κατοικιζομένοις

95 1025 189 1108 εἰκὸς
211 1033 388 1118 γίγνεσθαι
409 1033 486 1117 περὶ
507 1025 549 1098 τὰ
565 1036 705 1098 τοιαῦτα
719 1023 740 1118 ἢ
753 1033 867 1119 μηδενὶ
881 1021 901 1118 ἥ
915 1050 1002 1099 τισιν
1016 1021 1141 1117 ὀλίγοις
1154 1071 1196 1080 -

95 1134 146 1216 οῖς
167 1133 216 1225 μὴ
240 1121 453 1226 καθεστήκοι,
475 1140 703 1207 καταστατέον
724 1138 832 1226 ἱερέας
845 1163 882 1206 τε
896 1141 952 1208 καὶ
974 1137 1095 1226 ἱερείας
1114 1163 1194 1207 νεαι-

93 1241 225 1334 κόρους
254 1249 431 1334 γέγνεοθαι
457 1262 529 1326 τοῖς
556 1254 660 1326 θεοῖς.
704 1247 777 1328 Quo
804 1250 874 1314 loeo
903 1270 968 1314 non
995 1248 1036 1314 de
1063 1270 1195 1314 munere

93 1357 273 1422 neoooriae
293 1359 417 1442 agitur,
449 1357 505 1423 sed
526 1357 602 1442 eligi
630 1357 828 1438 sacerdotes,
860 1358 914 1443 qui
942 1357 1018 1423 deos
1047 1355 1195 1422 colendos

94 1465 289 1552 suscipiant,
312 1467 404 1532 Plato
426 1465 515 1532 iubet
528 1467 564 1550 1).

627 1968 671 2035 11.

307 2155 312 2164 ·
385 2126 440 2211 De
467 2125 703 2212 civitatibus
728 2128 916 2213 neoooris

183 2303 342 2369 Civitates
362 2303 447 2388 ipsas
469 2305 502 2368 in
524 2304 610 2368 eultu
624 2313 732 2389 partes
747 2304 910 2372 hominurn
924 2314 1057 2392 agentes
1071 2305 1194 2390 fingere

95 2412 303 2478 orientalium
331 2413 429 2476 animi
461 2413 611 2498 propensi
640 2421 739 2478 erant.
792 2412 865 2493 Qua
892 2435 933 2478 ex
964 2413 1194 2480 consuetudine

95 2541 155 2586 eae
177 2519 380 2606 appellantur
412 2521 460 2584 sui
482 2541 627 2606 quaeque
654 2521 793 2586 numinis
823 2521 1006 2608 principalis
1033 2520 1193 2587 interdum

95 2629 242 2693 nutrices
258 2627 295 2713 ²),
317 2627 417 2692 multo
440 2629 567 2714 saepius
588 2628 744 2696 aedituae.

182 2735 257 2800 Hoo
277 2757 394 2800 nomen
416 2735 543 2822 quando
565 2759 624 2802 usu
646 2737 744 2823 recipi
767 2745 914 2822 coeptum
935 2738 985 2822 sit,
1007 2739 1101 2825 plane
1121 2760 1192 2804 nes·

97 2845 202 2910 cimus
225 2868 232 2909 :
259 2843 320 2908 hoo
348 2844 450 2909 solum
480 2844 642 2910 affirmare
670 2845 759 2925 lieet,
789 2845 971 2931 opinionem
999 2847 1101 2932 illam,
1130 2869 1194 2934 qua

97 2952 248 3018 civitates
278 2952 400 3038 aliquot
428 2953 492 3016 iam
522 2960 597 3018 ante
620 2951 793 3018 Caesarum
821 2962 967 3041 tempora
993 2955 1027 3020 in
1055 2957 1192 3022 nummis

97 3061 269 3126 neoooriae
290 3061 418 3126 titulum
436 3081 551 3145 gerere
572 3059 761 3147 ereduntur,
792 3063 937 3148 quamvis
965 3064 1093 3149 penitus
1113 3086 1191 3132 non·

97 3170 261 3236 nullorum
282 3169 395 3234 animis
414 3169 511 3234 insita
531 3169 583 3254 sit,
606 3169 698 3234 evelli
720 3179 877 3256 oportere,
908 3171 1027 3258 quippe
1049 3193 1130 3257 quae
1151 3173 1192 3239 ab

98 3287 345 3344 autonomorum
376 3278 478 3344 solum
507 3279 561 3365 qui
590 3287 746 3345 vocantur
775 3300 977 3345 nummorum
1004 3281 1125 3367 aliquot
1145 3283 1192 3346 in-

99 3387 192 3452 dioiis
213 3395 385 3472 repetatur.
430 3387 518 3469 Quos
540 3409 611 3454 eum
632 3389 754 3454 nummi
773 3387 958 3474 Caesarum,
981 3391 1035 3477 qui
1057 3391 1191 3456 eivitati-

98 3493 161 3562 bus
184 3495 229 3560 eis
251 3495 416 3561 numinum
443 3519 571 3562 suorum
593 3499 775 3564 neoooriam
801 3498 997 3580 attribuunt,
1026 3521 1091 3564 non
1117 3509 1193 3566 ante

99 3603 198 3670 linem
227 3606 345 3670 saeculi
373 3627 403 3691 p.
427 3605 502 3672 Chr.
531 3607 662 3672 secundi
690 3618 882 3695 appareant,
912 3619 988 3674 ante
1008 3609 1192 3695 Augustum

101 3734 273 3778 oonoussos
289 3735 359 3779 esse
372 3735 466 3780 nemo
482 3715 686 3801 existimabit,
706 3717 762 3784 red
777 3716 890 3784 iisdem
904 3718 972 3784 fere
985 3718 1191 3806 temporibus,

174 3977 194 4046 ¹)
214 3979 419 4032 Stallbaumium
439 3981 489 4032 hoe
508 3981 618 4050 effugit;
636 3982 717 4034 vertit
734 3982 829 4034 enim:
851 3983 884 4034 iis
902 3982 1000 4049 quibus
1022 3999 1075 4034 uon
1097 3985 1194 4036 eonsti-

101 4070 190 4118 tutum
207 4065 250 4130 sit,
269 4067 448 4119 constituendi
466 4073 529 4120 sunt
546 4068 597 4120 dlis
621 4068 769 4121 sacerdotes
791 4069 930 4135 utriusque
954 4086 1041 4136 sexus,
1065 4071 1112 4137 qui
1129 4069 1192 4122 item

101 4153 155 4204 sint
172 4151 279 4204 aeditui.

169 4237 192 4307 ²)
211 4240 332 4308 Ephesus
360 4239 463 4310 τροφὸς
488 4245 538 4311 τῆς
565 4239 640 4307 ἰδίας
663 4245 734 4308 θεᾶς
760 4257 782 4294 e.
805 4243 822 4294 i.
844 4259 870 4310 g.
895 4244 988 4296 29542
1010 4266 1044 4288 =
1068 4247 1106 4296 Le
1129 4245 1191 4296 Bas-

103 4325 396 4394 Waddingt.1111ar;
418 4329 527 4380 Miletus
551 4326 653 4398 τροφὸς
676 4332 725 4384 τοῦ
749 4327 890 4398 elevatos
903 4327 1077 4396 Ἀπόλλωνος
1099 4331 1190 4384 bullet.

106 4411 137 4463 de
155 4427 219 4464 oorr.
238 4412 300 4464 hell.
318 4414 331 4464 1
349 4429 374 4480 p.
393 4417 442 4466 288
460 4431 486 4466 n.
506 4417 538 4466 65
556 4435 589 4460 =
607 4415 802 4483 Dittenberger,
820 4415 923 4484 sylloge
940 4434 967 4468 n.
979 4419 1036 4470 293.
