2966 5092
769 426 811 494 30

687 518 885 526 -—-——-.-

323 626 426 693 Multo
458 627 630 692 maioribus
659 627 897 694 difficultatibus
928 650 968 693 ea
995 623 1139 714 quaestio
1169 629 1334 694 obstructa
1435 618 1438 629 '

241 745 305 820 cst,
337 745 444 800 utrum
476 735 561 821 apud
590 735 670 800 haec
699 737 865 800 civitatum
893 729 1074 822 νεωκόρων
1101 737 1221 822 templa
1249 758 1333 801 com·
1436 738 1439 765 ³

240 845 349 908 munia
377 863 460 930 quae
488 851 645 907 vocantur
674 844 909 928 provinciarum
940 843 1101 908 celebrata
1130 845 1195 909 sint
1223 865 1333 912 necne.

242 951 306 1031 Qui
327 953 412 1016 enim
433 951 473 1016 de
493 953 635 1036 ratione,
663 972 746 1036 quae
774 953 858 1016 inter
879 953 1014 1017 concilia
1043 953 1280 1038 provinciarum
1302 962 1334 1018 et
1439 1034 1441 1055 Ι

239 1061 388 1124 civitates
422 1053 611 1144 νεωκόρους
645 1060 878 1142 intercesserit,
914 1059 1033 1145 aliquid
1069 1061 1228 1125 affirmare
1265 1063 1334 1128 ausi
1439 1062 1442 1081 '

242 1177 316 1234 sunt
332 1171 368 1251 ¹),
402 1167 496 1233 valde
525 1169 608 1232 inter
637 1189 671 1232 se
702 1167 904 1233 dissentiunt.
955 1167 1099 1248 Quorum
1132 1191 1173 1233 ex
1200 1191 1333 1234 numero

241 1275 480 1362 Marquardtius
503 1275 640 1360 quidem,
663 1275 747 1360 quod
767 1277 911 1340 civitates
935 1297 1097 1340 sacrorum
1120 1279 1334 1342 communium
1361 1283 1362 1286 ’
1441 1348 1444 1357 ,

241 1385 413 1470 participes
429 1403 537 1447 omnes
552 1385 719 1448 neocoriae
733 1384 861 1450 titulum
879 1383 940 1448 sibi
962 1385 1136 1470 sumpsisse
1149 1383 1332 1468 affirmem),
1442 1398 1444 1407 '

241 1493 391 1558 facillime
411 1491 578 1556 refutatur.
621 1491 676 1556 An
704 1491 790 1556 credi
820 1500 927 1576 potest
954 1492 987 1557 in
1016 1493 1189 1577 provinciis
1212 1491 1333 1578 Cilicia,

242 1599 388 1683 Galatia,
419 1597 589 1684 Bithynia,
619 1597 824 1682 Macedonia,
856 1599 995 1664 Thracia
1021 1601 1115 1664 unius
1136 1609 1262 1664 tantum
1283 1604 1335 1667 vel

242 1708 376 1773 duarum
397 1708 449 1773 vel
478 1709 574 1772 trium
596 1709 761 1772 civitatum
781 1745 822 1754 —
843 1728 947 1792 neque
969 1709 1052 1772 enim
1078 1711 1184 1793 plures
1205 1711 1334 1774 neocori

241 1817 443 1902 appellantur
473 1853 514 1863 -
545 1815 700 1900 synedros
736 1816 834 1879 sacris
870 1815 1089 1880 communibus
1121 1816 1333 1882 interfuisse?

241 1934 297 1990 aut
311 1927 344 1989 in
357 1925 446 2007 Asia,
466 1945 530 2010 qua
551 1923 670 1988 nullam
691 1924 889 2007 provinciam
911 1923 1094 1988 civitatibus
1108 1927 1212 2010 magis
1233 1925 1331 1990 abun-

241 2033 335 2098 dasse
356 2041 481 2097 constet
491 2031 528 2116 ⁸),
550 2031 584 2096 X
598 2031 649 2096 vel
664 2029 740 2113 XV,
756 2052 827 2094 cum
841 2030 905 2095 LX
919 2031 971 2096 vel
986 2031 1098 2096 LXIV
1113 2034 1147 2097 in
1161 2031 1269 2099 Gallia
1278 2033 1333 2118 ⁴)?

242 2143 296 2207 Ab
317 2143 404 2207 omni
434 2140 638 2206 conciliorum
665 2141 790 2204 ratione
820 2161 859 2204 ac
887 2141 1051 2225 principiis
1080 2139 1142 2205 hoc
1173 2141 1333 2206 abhorret.

242 2251 307 2318 Suo
332 2250 407 2336 jure
437 2250 536 2334 igitur
564 2247 745 2313 Monceaux
776 2247 859 2313 hanc
890 2249 1073 2334 opinionem
1104 2229 1286 2335 repudiavit
1296 2248 1333 2333 5).

242 2359 388 2424 Alteram
409 2367 532 2438 autem,
562 2377 626 2442 qna
647 2356 780 2420 concilia
801 2357 1037 2441 provinciarum
1058 2358 1091 2421 in
1113 2357 1238 2443 oppidis
1259 2379 1334 2422 neo-

243 2467 325 2530 coris
355 2465 466 2532 habita
496 2487 566 2530 esse
595 2463 805 2549 putantur⁶),
837 2473 873 2528 ut
901 2463 1128 2550 labefactaret,
1159 2487 1273 2531 vereor
1292 2487 1335 2530 ne

239 2576 347 2640 minus
366 2575 436 2639 viro
457 2573 552 2638 docto
574 2573 746 2656 contigerit
759 2573 794 2656 ⁷).

323 2681 447 2747 Iniuria
461 2691 548 2748 certe
564 2681 599 2744 in
613 2701 651 2745 eo
666 2679 809 2764 offendit,
832 2681 917 2766 quod
930 2681 1123 2766 Pergamum
1138 2689 1171 2746 et
1185 2681 1334 2767 Smyrna,

242 2813 322 2878 quas
344 2793 490 2857 civitates
517 2789 652 2854 alteram
681 2788 740 2854 sub
763 2789 902 2854 Caesare
923 2790 1089 2874 Augusto,
1120 2790 1255 2856 alteram
1276 2789 1335 2854 sub

241 2901 372 2966 Tiberio
393 2900 521 2986 templis
540 2899 639 2964 Asiae
660 2898 843 2982 provinciae
865 2899 1084 2963 communibus
1115 2908 1245 2964 ornatas
1267 2920 1337 2964 esse

243 3019 384 3094 constat,
415 3031 499 3096 ,non
520 3017 595 3072 ante
624 3008 784 3093 principes
806 3007 982 3092 Trajanum
1011 3016 1044 3072 et
1065 3007 1266 3072 Antoninum
1287 3007 1335 3091 (Ῥ)

241 3127 415 3185 neocoratu
446 3139 503 3182 suo
535 3115 719 3202 superbire“
753 3116 918 3200 incipiunt.
968 3113 1054 3179 Nam
1087 3114 1254 3179 confundit
1285 3116 1337 3178 vir

243 3228 357 3293 doctus
387 3247 469 3291 rem
497 3235 529 3290 et
550 3246 704 3289 nomen.
748 3224 802 3288 An
824 3245 888 3288 non
910 3224 964 3288 illa
983 3223 1083 3287 multo
1105 3224 1192 3308 prius
1213 3223 1338 3288 institui

314 3468 333 3536 1)
351 3467 496 3519 Kreusium
520 3467 590 3518 inter
612 3482 657 3518 eos
675 3482 744 3530 esse,
773 3465 820 3530 qui
842 3463 899 3516 cius
924 3464 1053 3516 rationem
1076 3469 1188 3527 norunt,
1216 3462 1266 3528 ipsi
1284 3478 1337 3512 non

243 3555 440 3609 existimabunt.

311 3639 333 3708 ²)
354 3640 559 3692 Staatsverwalt.
579 3641 592 3688 I
610 3655 634 3706 p.
653 3641 711 3690 504.

312 3727 334 3795 8)
352 3727 515 3792 Marquardt,
533 3726 550 3776 l.
570 3727 587 3776 l.
606 3741 630 3792 p.
651 3728 710 3775 340.

311 3813 333 3883 ⁴)
352 3817 386 3866 cf.
405 3815 495 3876 Kuhn,
513 3813 630 3864 Verfass.
649 3811 673 3862 d.
692 3827 772 3864 roem.
790 3810 902 3862 Reiches
921 3809 946 3860 II
964 3826 989 3876 p.
1009 3812 1032 3860 6.

311 3899 333 3968 ⁶)
351 3901 369 3951 l.
387 3901 404 3951 l.
422 3916 447 3968 p.
469 3903 507 3952 18,

311 3984 333 4053 ⁶)
351 3987 471 4038 Breviter
496 4003 553 4038 sam
583 3985 689 4052 aperuit
716 3983 911 4045 Mommsenns,
943 3979 1100 4033 Boemieche
1131 3978 1290 4032 Geschichte
1313 3977 1339 4029 V

243 4090 268 4142 p.
288 4074 344 4125 319.

313 4159 336 4228 7)
353 4161 437 4212 Aliter
454 4159 616 4212 Guiraudius
640 4158 805 4212 existimasse
829 4155 947 4218 videtur,
974 4153 1019 4221 qui
1042 4154 1070 4204 in
1088 4153 1156 4205 libro
1177 4168 1240 4216 suo,
1266 4149 1338 4216 quod

243 4248 397 4300 inscribitur
420 4246 460 4298 les
483 4243 643 4298 assembldes
668 4243 845 4310 provinciales
870 4243 935 4294 dens
957 4241 1085 4307 l'empire
1112 4238 1224 4290 Romaiu
1250 4236 1338 4303 (Paris

246 4334 332 4400 1887),
350 4335 499 4387 neocoriam
516 4349 550 4384 ne
568 4333 649 4384 verbo
669 4331 775 4398 quidem
794 4331 924 4398 dignetur.
