2966 5092
573 463 772 560 ,AL-

109 667 322 752 δεομένους·
353 669 409 732 καὶ
438 657 459 752 ἡ
486 665 547 750 μὲν
576 656 760 751 ἄνθρωπος
791 655 930 751 ἡσύχαζε
960 669 1219 750 προοταχθεϊσα,

110 774 150 842 οῗ
175 799 217 862 γε
252 769 318 862 μὴν
348 766 563 860 ὑποδρῶντες
597 778 647 860 τῷ
677 779 750 859 θεῷ
781 767 822 839 τὰ
855 772 889 850 ἐς
917 766 980 858 τὴν
1014 772 1102 839 ἴασιν
1136 761 1221 856 αὐτῇ

110 883 267 951 ἐποίουν
298 904 327 950 κ.
350 908 379 949 τ.
402 889 429 949 λ.
449 885 484 966 ¹).
535 883 610 948 Non
641 893 729 948 recte
760 881 964 965 Kabbadias,
1000 883 1054 968 qui
1086 880 1219 946 eandem

109 992 269 1058 fabulam
291 995 324 1057 in
343 993 489 1056 columna
505 991 717 1076 Epidaurensi
733 992 920 1076 inscriptam
936 990 1035 1056 edidit
1050 988 1220 1076 (ἐφημερὶς

109 1092 361 1189 άρχαιολογικὴ
395 1099 475 1164 1885
506 1121 538 1184 p.
569 1099 631 1182 15),
665 1121 719 1164 eos
750 1101 804 1184 qui
833 1099 874 1164 ab
907 1099 1042 1164 Aeliano
1075 1095 1108 1164 ol
1137 1087 1220 1163 ὓπο-

110 1211 271 1297 δρῶντες
303 1213 353 1294 τῷ
383 1212 472 1294 θεῷ,
504 1209 536 1272 in
569 1207 662 1272 titulo
695 1205 762 1273 υἱοί
794 1211 857 1274 τοῦ
887 1211 974 1274 θεοῦ
1008 1206 1219 1292 appellantur,

110 1319 255 1384 eosdem
283 1328 380 1404 atque
401 1340 531 1382 zacoros
553 1339 624 1382 esse
646 1318 769 1381 censuit
780 1317 817 1400 8).
862 1315 984 1382 Contra
1011 1325 1117 1380 aetate
1147 1336 1219 1400 pos-

111 1427 243 1492 teriore
274 1447 427 1491 neocoros
457 1426 639 1511 Aesculapii
668 1425 942 1509 Pergamenorum
977 1426 1062 1510 ipsos
1093 1444 1220 1509 quoque

111 1543 276 1618 aegrotos
298 1533 457 1598 sanandos
486 1536 664 1620 suscepisse
692 1556 731 1600 ex
755 1535 839 1598 Aelii
861 1532 1011 1598 Aristidis
1039 1532 1079 1597 de
1107 1531 1219 1596 morbo

112 1665 175 1707 suo
214 1643 401 1706 narratione
444 1643 648 1725 cognoscitur
662 1641 701 1725 ³).
759 1643 834 1706 Alia
868 1641 909 1706 de
945 1639 1073 1706 aedituo
1109 1638 1220 1724 templi

113 1751 315 1836 Amphiarai
337 1749 529 1835 Oropensis,
561 1750 616 1814 ubi
644 1752 768 1835 aegroti
796 1752 874 1815 item
895 1749 1106 1832 incubabant,
1136 1769 1219 1812 com·

113 1860 266 1945 perimus
289 1881 329 1924 ex
359 1858 451 1922 titulo
482 1859 568 1922 intra
596 1880 697 1922 annos
716 1859 779 1924 420
806 1868 838 1923 et
859 1859 922 1924 350
942 1881 969 1923 a.
995 1857 1069 1923 Chr.
1093 1879 1219 1942 compo·

114 1969 181 2032 sito
195 1967 238 2052 ⁴),
269 1968 323 2052 qui
345 1966 449 2031 editus
478 1976 527 2031 est
557 1965 691 2053 ἐφημερ.
721 1956 868 2052 άρχαιολ.
902 1967 990 2048 1885,
1013 1988 1042 2052 p.
1066 1966 1115 2031 94.
1157 1958 1220 2030 τὸν

115 2073 214 2161 ἱερέα
237 2063 521 2160 composuerim>
542 2079 665 2158 φοιτᾶν
687 2076 733 2152 είς
754 2068 793 2141 τό
816 2068 917 2161 ἱερὸν,
940 2067 1076 2140 ἐπειδάν
1095 2066 1221 2158 χειμών

115 2185 291 2269 παρέλθει
311 2183 406 2269 μέχρι
427 2173 554 2268 άρότου
575 2174 662 2270 ὥρης
682 2177 726 2269 μὴ
747 2184 854 2249 πλέον
868 2183 1084 2249 διαλείποντα
1097 2173 1118 2268 ἢ
1132 2195 1221 2267 τρεῖς

116 2282 258 2378 ἡμέρας,
279 2293 335 2358 καὶ
355 2292 468 2376 μένειν
489 2289 527 2356 έν
547 2305 604 2357 τοι
623 2290 710 2377 ἱεροί
728 2284 772 2377 μὴ
795 2289 936 2357 ἔλαττον
956 2283 976 2377 ἢ
997 2291 1076 2357 δέκα
1099 2281 1221 2377 ἡμέρας

116 2407 184 2468 τοῦ
207 2393 312 2486 μηνὸς
334 2393 506 2484 ἑκάστοίυ)
535 2401 590 2466 καὶ
620 2394 862 2486 ἐπαναγκάζειν
882 2393 944 2466 τὸν
965 2394 1137 2486 νεωκόρον
1157 2403 1221 2465 τοῦ

117 2535 157 2576 τε
181 2509 279 2595 ἱεροῦ
300 2507 531 2595 ἐπιμελεῖσθαι
551 2503 637 2576 κατὰ
658 2502 720 2575 τὸν
738 2503 844 2594 νόμον
865 2511 921 2575 καί
942 2514 1012 2575 τῶν
1034 2499 1169 2594 άφικνε(
1194 2511 1221 2592 )-

117 2619 238 2704 μένων
270 2617 317 2695 είς
346 2611 386 2683 τό
421 2611 514 2703 ἱερόν
545 2655 585 2665 -
618 2619 675 2682 col.
699 2618 740 2682 20
772 2612 920 2704 ίπαρχὴν
948 2619 983 2684 δὲ
1015 2619 1129 2685 διδοῦν
1156 2612 1220 2704 τὸμ

121 2726 295 2811 μέλλοντα
316 2719 572 2812 θεραπεύεσθαι
593 2716 661 2792 ὑπὸ
692 2731 755 2792 τοῦ
776 2731 863 2793 θεοῦ
882 2720 927 2813 μὴ
950 2724 1090 2793 ἔλαττον
1111 2726 1220 2794 ἐννεο-

119 2828 232 2914 βόλου
259 2833 399 2918 δοκίμου
427 2822 587 2919 άργυρίου
615 2835 671 2899 καί
698 2828 874 2918 ἐμβάλλειν
899 2833 946 2912 εἰς
966 2829 1028 2900 τόν
1048 2828 1221 2921 θησαυρόν

119 2935 315 3029 παρεόντος
346 2944 409 3006 τοῦ
438 2934 611 3026 νεωκόρου
647 2979 679 2988 -
715 2942 773 3006 col.
803 2943 844 3007 39
875 2936 915 3008 τό
946 2933 1052 3027 όνομα
1079 2948 1142 3009 τοῦ
1171 2942 1221 3030 ty-

120 3042 373 3130 καθεύδοντος,
405 3040 489 3116 όταν
509 3044 665 3134 ἐμβάλλει
685 3043 725 3116 τό
747 3039 922 3138 άργόριον,
950 3045 1140 3137 γράφεσθαι
1159 3045 1222 3117 τὸν

121 3151 299 3244 νεωκόρον
320 3159 376 3224 καί
396 3147 502 3224 αὐτοῦ
529 3159 585 3223 καὶ
613 3162 672 3244 τῆς
700 3155 826 3236 πόλεος
853 3161 908 3225 καὶ
939 3157 1088 3226 έκτιθεῑν
1110 3158 1147 3226 ἐν
1167 3173 1224 3226 τοῑ

122 3266 214 3355 ίεροῑ
232 3261 406 3354 γράφοντα
428 3265 464 3333 ἐν
485 3262 644 3354 πετεόροι
665 3293 693 3334 κ.
716 3292 745 3334 τ.
767 3273 796 3334 λ.

209 3376 270 3440 Est
291 3377 390 3460 igitur
411 3377 531 3442 aeditui
553 3399 682 3461 cavere,
715 3399 756 3442 ne
786 3378 841 3463 qui
870 3377 1023 3442 auxilium
1045 3377 1145 3442 adeo
1168 3399 1219 3463 pe·

123 3492 231 3549 tentes
259 3484 436 3570 intemplo
467 3484 727 3570 indormiverint,
758 3487 841 3550 iusto
870 3487 1024 3551 minorem
1054 3488 1222 3571 pecuniam

124 3592 159 3655 in
188 3613 264 3656 arca
285 3602 459 3678 reponant,
488 3615 526 3657 ac
553 3595 647 3658 simul
668 3603 780 3658 notare
810 3594 1031 3660 indormientis
1054 3604 1085 3659 et
1105 3615 1222 3658 nomen

124 3709 158 3763 et
187 3701 332 3784 patriam.
384 3699 466 3765 Cum
498 3711 605 3766 autem
637 3703 791 3787 templum
821 3703 1023 3788 Amphiarai,
1063 3702 1148 3788 quod
1180 3702 1220 3767 ab

196 3936 216 4003 ¹)
235 3939 268 3989 cf.
288 3938 457 4006 Aristophan.
476 3940 547 3991 Plut.
565 3956 592 3991 v.
610 3943 660 3992 668
679 3957 716 4006 sq.
736 3946 763 3991 et
781 3941 864 3992 schol.

195 4022 217 4090 ²)
236 4026 334 4076 Verum
353 4026 485 4092 ,viderunt
507 4042 533 4076 v.
551 4026 742 4090 Wilamowitr,
771 4026 862 4078 Herm.
884 4028 948 4080 XIX
971 4045 995 4095 p.
1019 4031 1076 4080 448.
1112 4028 1222 4093 Zacher,

125 4107 190 4160 iuss.
209 4111 274 4162 xxr
291 4127 316 4178 p.
337 4111 424 4176 ιιοιι.

195 4193 217 4263 ³)
236 4198 249 4246 I
265 4213 292 4264 p.
306 4197 403 4262 rosseo
421 4197 501 4249 Dind.
519 4191 638 4267 έστερον
656 4194 686 4253 δέ
703 4194 789 4265 στέαρ
807 4216 838 4253 τε
859 4197 975 4267 χήνειον
993 4191 1098 4254 έδωκεν
1116 4195 1164 4253 tat
1183 4203 1224 4276 τῷ

126 4281 270 4351 νεωκόρου
292 4281 498 4353 ’4σκληπιακοῦ
516 4284 652 4353 σχήματι.
688 4285 721 4335 of.
740 4300 766 4350 p.
785 4289 843 4336 447.
862 4289 920 4338 478.
934 4288 996 4337 491.
1015 4287 1073 4340 494.

194 4367 216 4435 ⁴)
236 4371 270 4420 cf.
290 4386 315 4422 v.
335 4370 519 4436 Wilamowita,
538 4372 627 4424 Herm.
646 4371 711 4424 XXI
727 4387 752 4440 p.
773 4373 814 4422 91.
