2966 5092
769 421 807 488 12

247 655 281 674 »-
316 622 540 710 ίπαναφέρειν
572 652 630 713 μοι
664 621 756 715 παρὰ
787 631 851 693 τοῦ
886 621 1059 713 νεωκόρου
1093 623 1217 713 έτερον.
1260 625 1337 692 ibid.

243 756 273 818 p.
296 734 357 800 516
378 727 461 818 μετὰ
482 734 517 800 δὲ
538 741 644 802 ταῦτα
665 736 922 821 βουλευομένοις
949 725 1027 821 ἡμῖν
1052 739 1149 820 κοινῇ
1177 737 1255 822 περί
1276 739 1341 802 τοῦ

243 832 460 928 ἀναθήματος
497 838 669 910 συνεδόκει
700 846 755 910 καί
785 848 834 930 τῷ
862 842 946 928 ίερεί
970 845 1026 910 καί
1053 857 1125 920 τοῖς
1156 837 1340 929 νεωκόροις

243 940 421 1017 άναέίεῑναι
443 951 480 1018 έν
501 947 579 1030 Διός
599 942 802 1039 Ἆσκληπίου.
847 952 921 1017 Huc
944 963 1029 1018 corte
1055 953 1258 1018 referendum
1280 963 1338 1038 est,

243 1061 329 1146 quod
357 1063 390 1125 in
419 1062 679 1147 inscu'ptionibus
709 1061 912 1126 donariorum
941 1063 1069 1126 neocori
1097 1083 1214 1126 nomen
1242 1083 1339 1146 saepe

243 1166 380 1252 additur,
410 1169 500 1233 utin
525 1170 617 1234 titulo
641 1169 773 1235 Deliaco
804 1191 870 1234 rev.
901 1168 1037 1233 archeol.
1068 1169 1129 1233 vol.
1151 1169 1193 1234 26
1225 1169 1336 1253 (1873)

242 1298 272 1360 p.
291 1276 350 1340 110
371 1277 438 1342 nb
459 1273 515 1342 έπί
537 1275 652 1362 ἱερέως
666 1266 860 1363 Ἀρίστωνος
883 1281 944 1343 τοῦ
968 1271 1143 1363 Πλάτορος
1162 1277 1338 1362 Κηφισέως

242 1377 467 1462 Ποσειδιόνιος
498 1386 727 1452 Ποσειδωνίου
755 1387 996 1473 Σκαμβωνίδης
1026 1379 1262 1471 κλειδουχήσας
1286 1385 1341 1451 Διῒ

242 1494 384 1578 Κυνβίῳ
398 1495 454 1558 καί
468 1482 590 1584 Ἀθηνᾷ
604 1495 738 1584 Κυνθίᾳ
760 1487 822 1580 τὴν
843 1495 1012 1580 τραπέζαν
1026 1496 1081 1560 καί
1101 1487 1161 1571 τάς
1183 1487 1338 1576 στιβάδας

242 1600 298 1664 καὶ
331 1593 373 1664 τὰ
403 1595 582 1687 χρηστήρια
616 1595 860 1688 ζακορεόοντος
887 1595 1084 1688 Νικηφόρου
1114 1598 1257 1686 ἕβδομον
1283 1603 1339 1667 καί

242 1701 452 1792 τριακοστόν.
497 1709 537 1774 cf.
560 1709 635 1773 ibid.
658 1732 689 1774 n.
711 1710 740 1774 9.
762 1711 824 1774 vol.
847 1709 897 1774 VI
921 1733 952 1795 p.
973 1710 1045 1774 230.
1068 1733 1093 1774 c.
1116 1711 1135 1774 i.
1158 1733 1186 1774 a.
1209 1709 1336 1782 11404.

242 1813 296 1879 ΠΙ
317 1815 388 1880 add.
411 1815 487 1880 ose.
512 1817 605 1880 1810.
630 1817 727 1881 774a.
750 1817 847 1882 sada.
878 1817 986 1882 bullat.
1017 1817 1057 1881 de
1087 1839 1167 1881 corr.
1192 1816 1265 1881 hell.
1288 1816 1339 1882 Vl

242 1946 273 2009 p.
295 1923 356 1988 326
385 1946 416 1988 n.
439 1925 487 1989 20.
510 1924 560 1988 22.
582 1925 640 2008 23.
668 1925 718 1990 35.
747 1925 797 1990 55.
820 1925 869 1990 66.
892 1925 941 1989 67.
971 1923 1037 1989 VII
1066 1947 1095 2010 p.
1118 1925 1189 1989 280.
1234 1924 1337 1989 Multo

243 2033 340 2096 etiam
372 2032 467 2098 latius
502 2054 662 2097 neocoron
700 2043 843 2119 potestas
876 2034 909 2097 in
948 2033 1081 2098 aedibus
1113 2033 1272 2118 Apollinis
1306 2043 1339 2098 et

244 2141 420 2207 Artemidis
453 2143 594 2208 Deliacis
629 2144 771 2228 patuisse
802 2143 946 2223 videtur,
986 2165 1057 2208 cum
1095 2143 1338 2228 amphictyones

244 2250 489 2315 Atheniensium
535 2273 589 2316 eas
633 2251 909 2317 administrabant.
966 2251 1135 2336 Leguntur
1177 2252 1262 2316 enim
1305 2252 1339 2315 in

243 2358 419 2423 rationibus
461 2359 502 2424 ab
544 2359 823 2446 amphictyonibus
858 2361 897 2424 ol.
934 2360 990 2442 92,
1024 2360 1044 2424 3
1087 2361 1214 2443 relatis,
1258 2381 1337 2445 quas

242 2467 392 2533 Homolle
424 2468 524 2533 edidit
554 2469 663 2534 bullet.
695 2469 734 2534 de
762 2491 841 2533 corr.
869 2469 942 2533 hell.
974 2467 1059 2532 VHI
1088 2489 1119 2552 p.
1146 2467 1208 2532 284
1238 2467 1339 2532 verba

242 2569 322 2642 τάδε
351 2573 497 2662 έπραξαν
517 2566 703 2664 Ἀθηναίων
733 2567 957 2662 άμφικτόονες
985 2573 1055 2641 οίδε
1082 2613 1124 2622 -
1153 2574 1208 2640 ἐπὶ
1230 2579 1336 2642 Plau

242 2685 400 2771 κίπποίυ)
416 2675 570 2774 Ἀθήνησι
591 2677 754 2771 ἄρχοντος
774 2723 815 2733 -
836 2675 995 2772 άργύριον
1011 2678 1245 2770 παρελάβομεν
1259 2685 1338 2770 παρ’

242 2785 481 2880 άμφικτυόνων
501 2795 718 2881 Θεαχχέλο(υ)
743 2793 924 2882 ΦηΙχαέίως
945 2796 1001 2860 καὶ
1023 2785 1260 2879 συναρχόντων
1280 2794 1337 2858 καί

243 2897 424 2989 νεωκόρων
449 2905 579 2990 Δηλίων
607 2895 862 2991 [Σίκίέίδακίος
890 2904 947 2970 καί
974 2895 1211 2988 συναρχόντων
1239 2899 1339 2986 ένίτῷ

244 3011 337 3098 ίερ]ηό
358 3015 414 3078 καί
435 3017 485 3098 τῷ
507 3014 695 3099 Αρτεμισίῳ
716 3037 745 3078 κ.
768 3035 797 3078 τ.
820 3017 848 3078 λ.

327 3119 399 3201 Quo
422 3121 492 3184 loco
515 3143 707 3208 quamquam
729 3143 883 3186 neocoros
904 3121 938 3185 in
959 3120 1055 3184 rebus
1077 3116 1338 3182 administrandis

244 3239 351 3314 partes
373 3228 541 3294 inferiores
561 3230 711 3295 habuisse
732 3229 895 3295 Homollio
926 3225 1057 3291 concedi
1079 3235 1201 3312 potest,
1232 3235 1339 3290 tamen

243 3339 293 3402 vir
315 3337 438 3421 doctus,
461 3337 546 3424 quod
568 3337 609 3403 dc
630 3340 767 3423 negotiis
788 3338 850 3402 nisi
864 3337 949 3401 notis
968 3356 1076 3400 eorum
1089 3335 1224 3418 cogitari
1240 3343 1338 3417 vetat,

245 3445 364 3531 („lours
388 3446 554 3532 fonctions
582 3471 614 3512 se
643 3447 806 3512 όονιιαίωιί
834 3469 910 3509 raas
941 3444 1032 3508 doute
1060 3447 1080 3507 ὰ
1110 3442 1144 3506 ίο
1169 3441 1285 3531 parde,
1319 3446 1339 3506 b

246 3553 424 3620 l'aatretc'en
456 3555 500 3620 δυ
530 3555 649 3642 temple,
680 3553 777 3619 διίοε
800 3555 888 3618 roias
908 3553 1075 3631 ωαιίνιόίο,
1105 3549 1340 3616 &dedication

245 3662 299 3727 διο
319 3687 456 3730 mesurae
469 3665 578 3752 probas
598 3687 668 3751 par
691 3663 735 3726 ίοε
757 3661 1006 3750 ωυμίιίοιηοαείί)
1036 3683 1101 3725 non
1122 3660 1205 3724 bene
1227 3657 1340 3722 fecisse

244 3771 380 3838 videtur.
438 3774 598 3838 Adcurate
632 3769 733 3835 verba
775 3771 859 3835 tituli
900 3770 1126 3856 interpretanti
1169 3756 1341 3853 (άργόριον

243 3873 492 3968 παρελάβομεν)
538 3878 579 3944 ad
600 3879 687 3964 ipsas
709 3900 786 3965 opes
829 3875 1098 3942 administrandas
1141 3874 1340 3939 aedituorum

244 3996 438 4074 potestatem
459 3987 513 4052 illa
540 3987 668 4073 quidem
697 3997 804 4052 aetate
835 3986 1026 4072 pertinuisse
1057 3982 1260 4048 statuendum
1282 3989 1339 4046 est.

246 4095 344 4162 Cuius
366 4098 515 4182 reiquae
537 4118 633 4160 causa
661 4095 758 4160 fuerit
783 4095 1003 4160 demonstrare
1032 4091 1117 4156 infra
1145 4089 1339 4154 conabimur.

326 4205 443 4291 Neque
472 4206 576 4269 minus
606 4227 702 4290 quam
736 4224 896 4269 neocoron
924 4201 1131 4267 Deliaoorum
1158 4199 1283 4264 saeculo
1311 4218 1339 4261 a.

249 4311 324 4380 Ohr.
347 4314 459 4402 quinto
481 4311 644 4397 condicio,
678 4333 760 4399 quae
781 4311 821 4376 de
842 4311 975 4376 aliorum
998 4308 1120 4396 aliquot
1150 4306 1340 4393 templorum
