2966 5092
631 503 651 568 5

88 706 198 770 zacori
226 715 262 770 ut
283 705 436 788 Athenis,
465 704 621 790 Epidauri
634 705 669 788 ¹),
701 703 799 768 Lesbi
811 704 848 786 ²),
878 702 972 767 modo
1001 705 1130 768 ncocori
1151 713 1188 770 ut

89 813 167 879 Deli
178 813 205 897 ³)
228 823 261 878 et
282 814 433 897 Pergami
443 813 470 896 4)
493 813 703 899 appellantur.

174 939 289 1025 Itaque
319 940 414 1024 plane
444 961 484 1002 ex
511 938 644 1003 libidine
672 939 859 1003 alterutram
889 937 1025 1001 formam
1053 939 1187 1002 electam

89 1071 163 1113 esse
195 1049 373 1112 statuimus.
425 1047 535 1110 Facile
569 1056 677 1110 autem
712 1045 925 1129 intellegitur,
962 1045 1121 1131 quomodo
1153 1047 1186 1110 in

89 1178 239 1220 sermone
259 1157 363 1219 minus
385 1154 545 1219 subtiliter
567 1156 743 1240 composito
761 1154 840 1218 haec
855 1155 985 1218 nomina
1000 1155 1188 1219 commutari

88 1265 264 1350 potuerint.
302 1260 396 1340 Quod
408 1262 621 1328 Menandrum
642 1263 757 1328 fecisse
778 1263 999 1346 cognoscimus
1015 1285 1055 1326 ex
1070 1261 1188 1328 Suidae

89 1373 197 1438 verbis
219 1365 375 1458 ζάκορος·
399 1365 584 1458 νεωκόρος·
607 1372 803 1457 Μένανδρος
824 1371 874 1448 δὶς
895 1371 1106 1451 ἐξαπατῶντι

428 1574 432 1582 Ι
707 1488 748 1564 οὕ
769 1491 966 1583 Μεγάβυζος
986 1486 1037 1582 ἦν,

432 1598 523 1684 ὅστις
544 1607 677 1692 γε’νοιτο
700 1600 861 1692 ζάκορος,·

90 1755 166 1798 nam
198 1732 413 1818 Megabyzos‚
448 1733 573 1797 Dianae
605 1731 766 1818 Ephesiae
798 1731 959 1815 aedituos,
998 1723 1188 1816 νεωκόρους

90 1843 268 1928 appellatos
312 1865 380 1907 esse
421 1851 547 1905 constat
563 1841 601 1923 5).
665 1839 788 1904 Rursus
830 1861 960 1903 zacorus
1003 1839 1188 1922 Aesculapii

90 1950 298 2015 Atheniensis
338 1952 372 2014 in
407 1949 534 2015 scholiis
570 1947 815 2032 Aristophaneis
852 1947 907 2030 (ad
937 1947 1020 2011 Plut.
1052 1969 1081 2011 v.
1111 1947 1187 2028 670)

91 2079 248 2122 neocorus
270 2067 412 2122 vocatur.
457 2055 561 2122 Simili
582 2055 720 2120 fortasse
733 2055 1016 2119 modoDioscurus
1039 2056 1072 2118 in
1093 2054 1187 2119 titulo

90 2167 236 2231 Romano
267 2189 293 2230 c.
316 2167 336 2230 i.
359 2187 390 2249 g.
419 2165 502 2230 5996
530 2157 700 2250 νεωκόρος
729 2168 792 2229 τοῦ
819 2157 965 2250 μεγάλου
992 2155 1188 2250 Σαράπιδος

91 2285 233 2358 vocatur,
255 2277 288 2338 in
311 2274 411 2339 altero
434 2275 510 2338 item
525 2273 647 2337 Romae
667 2283 794 2356 reperto
817 2295 842 2336 c.
859 2275 878 2336 i.
895 2294 925 2356 g.
949 2272 1031 2338 6002
1052 2272 1188 2356 legimus

212 2394 307 2486 Νηόν
327 2399 388 2485 μὲν
410 2392 607 2484 σιγαλόεντα
628 2390 826 2483 Σαράπιδος
846 2388 1069 2482 ὑψιμέδοντος

211 2498 276 2575 'Hd'
298 2497 404 2574 αὐτόν
423 2511 548 2594 χρυσοῦ
569 2511 826 2592 παμφανοῶντα
846 2510 961 2587 βολαῖς

212 2609 390 2702 Στήσαντο
412 2609 555 2702 ζάκορός
579 2639 616 2682 τε
638 2609 820 2700 Διόσκορος
841 2603 899 2700 ἡδὲ
920 2615 1089 2700 Κυρίλλου

213 2717 353 2802 Εὔνετις
375 2715 395 2810 ἡ
414 2719 575 2810 μακάρων
595 2718 727 2810 μήποτε
749 2724 919 2810 ληθομένη

213 2835 278 2900 Καὶ
300 2827 360 2900 oto
382 2839 442 2920 τῆς
463 2823 566 2919 αὐτῆς
586 2835 710 2920 γενεῆς,
734 2829 791 2898 ἕνα
813 2825 942 2916 θεσμόν
965 2828 1106 2915 ἔχοντες,

215 2937 287 3008 Oios
307 2942 429 3028 μέμηλε
450 2945 571 3027 κλυτῆς
598 2939 675 3027 ἔργα
696 2941 887 3027 νεωκορίης.
990 2932 992 2936 ’

173 3065 265 3132 Idem
300 3067 429 3153 quidem
459 3067 635 3131 Dioscorus
667 3087 744 3130 num
779 3075 915 3149 utroque
950 3065 1020 3128 loco
1053 3085 1188 3128 comme-

91 3185 233 3240 moretur
253 3177 432 3258 nescimus3
455 3174 511 3240 sed
533 3175 634 3239 altero
657 3173 793 3238 formam
812 3167 956 3260 ζάκορος
976 3175 1071 3238 metri
1094 3195 1190 3237 causa

93 3283 227 3348 electam
256 3306 326 3350 esse
355 3292 490 3348 constat.
534 3283 648 3368 Neque
677 3283 761 3346 enim
790 3282 912 3346 Romae
943 3303 1048 3368 neque
1077 3281 1190 3348 Ostiae

92 3393 197 3456 zacori
219 3391 382 3477 Serapidis
406 3402 574 3476 praeterea
594 3392 814 3474 inveniuntur,
844 3390 899 3454 sed
922 3390 1040 3454 aeditui
1061 3391 1191 3454 neocori

164 3665 184 3729 1)
203 3665 309 3717 Aeliani
327 3681 351 3716 v.
370 3665 396 3714 h.
415 3666 453 3716 IX
471 3669 511 3716 33.

161 3757 183 3825 ¹)
203 3759 302 3824 Conse,
329 3759 406 3810 Reise
431 3759 480 3810 auf
498 3759 598 3810 Lesbos
623 3759 676 3810 tab.
698 3759 775 3810 XVII
795 3762 816 3808 1.
858 3758 892 3808 cf.
912 3756 1018 3820 Collitn,
1045 3756 1191 3808 Dialectin-

94 3846 224 3897 schrifteu
241 3845 255 3896 1
272 3862 298 3896 ιι.
319 3846 368 3896 255
392 3872 424 3882 -
451 3842 623 3913 ἰεροκάρυκα
648 3848 707 3898 τῶν
730 3840 853 3911 (ospicio
876 3841 1024 3911 ζ[α)κόρων
1047 3841 1192 3913 σαώτηρος

94 3930 259 3999 Ἀσκληπλω.
281 3949 307 3985 κ.
326 3948 349 3985 τ.
368 3933 393 3985 λ.

162 4023 185 4092 ³)
203 4025 272 4076 Bull.
294 4025 325 4076 de
345 4040 410 4076 corr.
431 4022 528 4074 hellen.
546 4024 583 4074 VI
602 4040 626 4090 p.
646 4021 714 4073 241.
736 4024 784 4073 196
803 4013 936 4095 νεωκόρῳ
953 4018 995 4087 εἰς
1012 4023 1192 4090 Σαραπιεῖον

74 4109 77 4114 ¹
95 4127 183 4200 Ἄμνῳ
200 4111 238 4196 (ἦ
254 4145 280 4182 κ.
291 4131 347 4182 τ.λ.
361 4125 492 4199 νεωκόρῳ
504 4123 541 4181 ἐπ
557 4123 748 4198 ’4σ[κληπιείῳ
766 4107 817 4192 {all
831 4125 907 4176 Certe
917 4125 1051 4192 supplevit
1060 4125 1191 4190 Homolle,

94 4216 128 4265 cf.
147 4214 212 4265 ibid.
231 4229 255 4280 p.
275 4216 314 4264 83.

163 4305 185 4374 4)
205 4307 314 4357 orsu
334 4307 441 4357 nasus.
460 4307 473 4356 1
491 4322 516 4373 p.
535 4305 622 4370 rsus.
641 4306 698 4356 sse.
717 4303 805 4370 ιιεμ.
824 4301 946 4364 amjeu.
965 4305 1043 4356 nine.

164 4400 186 4469 ὅ)
205 4401 364 4467 Xenophon,
382 4400 458 4452 ansb.
478 4401 501 4451 V
521 4403 544 4464 3,
564 4401 586 4450 6.
607 4399 641 4450 ci.
660 4399 772 4464 Ritschl,
789 4415 890 4466 parerg.
910 4401 923 4449 I
940 4416 965 4467 p.
985 4402 1034 4451 406
1053 4416 1090 4465 sq.
