2966 5092
642 489 683 556 27

109 689 173 756 hoc
201 689 330 756 bonore
357 713 470 757 revera
509 701 641 757 ornatae
678 692 743 756 sint
774 691 932 756 incertum
963 690 1021 772 sit,
1053 709 1094 753 ne
1125 689 1211 774 ipsos

110 798 246 884 quidem
281 809 441 878 auctores,
459 800 530 866 illos
564 800 657 884 fugit.
710 799 801 880 Quae
829 798 1000 864 difficultas
1031 797 1105 862 inde
1131 797 1211 880 fluit,

111 909 200 994 quod
232 930 300 973 uno
329 930 483 994 persaepe
511 909 694 974 testimonio
728 930 832 994 neque
861 930 899 972 eo
929 907 1120 971 dubitationi
1146 926 1213 970 non

109 1015 260 1081 subiecto
283 1017 317 1080 in
339 1016 398 1080 bac
419 1039 454 1082 re
475 1019 522 1082 uti
537 1018 620 1082 licet.
658 1017 779 1081 Fontes
794 1018 878 1080 enim
900 1016 1052 1080 scientiae
1072 1022 1211 1096 nostrae,

110 1126 189 1210 quia
216 1126 391 1210 scriptores
414 1125 454 1190 ad
479 1147 577 1190 unum
599 1145 708 1189 omnes
730 1123 772 1188 de
791 1124 959 1188 neocoriae
979 1122 1072 1188 titulo
1094 1130 1211 1206 tacent,

109 1234 219 1298 nullos
247 1233 404 1302 babemus
433 1235 495 1298 nisi
524 1233 646 1318 lapides
673 1242 704 1298 et
726 1253 881 1297 nummos.
924 1231 1068 1312 Quorum
1089 1231 1135 1296 illi
1157 1253 1214 1296 our

110 1343 293 1426 gratissimi
312 1363 438 1427 semper
452 1343 526 1424 sint,
549 1343 603 1427 qui
618 1341 747 1427 quidem
762 1339 976 1423 difficultates,
999 1361 1077 1426 quas
1092 1339 1213 1404 nummi

110 1450 211 1516 bodie
233 1449 389 1534 affersmt,
421 1449 518 1514 semel
539 1451 734 1534 gustaverit,
764 1471 829 1514 non
857 1448 1028 1534 ignorabit.
1070 1447 1157 1513 Nam
1177 1456 1214 1512 ut

111 1559 315 1624 adulterinos
346 1559 547 1642 omittamus,
577 1559 686 1624 titulos
712 1579 822 1623 eorum
850 1578 1018 1644 perperam
1045 1577 1140 1642 saepe
1161 1554 1213 1620 de·

112 1669 256 1753 scriptos
286 1689 357 1732 esse
386 1675 418 1732 et
447 1675 574 1731 constat
595 1675 628 1730 et
650 1689 691 1730 ex
719 1666 872 1750 exemplis
902 1666 996 1730 certis
1025 1663 1213 1730 concludere

112 1797 221 1862 aequo
244 1777 371 1861 saepius
392 1796 553 1859 cogemur.
596 1768 711 1860 Itaque
733 1796 786 1839 ear
804 1773 932 1860 quidem
954 1775 1109 1857 civitates,
1131 1794 1214 1858 quae

112 1885 147 1948 in
175 1883 339 1968 lapidibus
366 1884 516 1948 necocria
542 1883 738 1967 gloriantur,
771 1884 847 1968 quin
875 1883 1102 1966 imperatorum
1132 1903 1214 1946 νεω-

113 1985 216 2078 κόροι
242 1993 377 2075 fuerint,
405 2014 447 2056 nc
475 2001 541 2056 tum
571 1991 700 2076 quidem
732 1990 963 2074 dubitabimus,
992 2011 1063 2054 cum
1092 1991 1214 2054 nummi

113 2109 238 2166 tacent.
281 2099 375 2178 Quod
395 2099 557 2164 interdum
578 2099 724 2164 accidere
748 2109 784 2164 ut
815 2099 1038 2184 intellegatur,
1067 2097 1212 2183 exemplo

114 2231 185 2274 esse
214 2217 351 2292 possunt
378 2207 542 2292 Nicopolis
564 2208 737 2273 Armeniae
751 2207 786 2293 ¹),
817 2207 1006 2272 Anazarbus
1032 2207 1164 2272 Ciliciae
1176 2205 1213 2289 ἵ),

113 2315 275 2402 Synnada
293 2315 509 2402 Pbrygiaei),
539 2338 621 2402 quae
649 2316 767 2402 oppida
795 2318 945 2382 neocoria
975 2324 1090 2381 ornata
1115 2315 1215 2380 fuisse

113 2446 181 2490 non
206 2447 249 2490 ex
270 2425 417 2508 nummis,
439 2425 495 2490 sad
518 2447 558 2489 cx
580 2425 680 2489 titulis
702 2425 778 2489 solis
801 2426 1033 2508 cognoscimur.

200 2532 273 2599 Nec
293 2533 397 2598 minus
418 2534 457 2597 iis
480 2533 673 2617 civitatibus,
697 2555 779 2618 quae
801 2533 907 2598 multis
922 2533 955 2596 in
975 2533 1112 2597 nummis
1133 2554 1214 2596 νεω-

114 2636 216 2729 κόροι
236 2641 448 2727 appellantur,
470 2643 531 2706 etsi
552 2643 636 2708 tituli
658 2642 782 2721 desunt,
812 2651 922 2706 nostro
943 2643 1012 2706 iure
1032 2641 1214 2706 neocoriam

116 2750 340 2816 attribuemus.
383 2749 448 2816 Sed
476 2750 516 2816 de
547 2751 617 2816 aliis
644 2773 710 2816 non
740 2751 850 2836 paucis
880 2752 972 2815 unius
987 2733 1051 2816 'vel
1079 2749 1214 2814 duorum

116 2879 321 2924 nummorum
343 2880 384 2922 ex
405 2861 596 2924 auctoritate
617 2859 703 2924 idem
724 2859 885 2924 affirmare
908 2858 1037 2923 difficile
1059 2866 1116 2923 est.
1153 2857 1215 2922 Vel

117 2965 191 3031 ideo
214 2967 330 3050 igitur,
360 2975 396 3030 ut
417 2948 630 3058 disceptetur,
659 2976 767 3031 utrum
798 2966 847 3031 his
876 2967 1000 3053 oppidis
1032 2967 1214 3032 neocoriam

118 3075 310 3138 convenisse
329 3074 501 3138 verisimile
529 3075 571 3138 sit
591 3095 711 3158 necne,
740 3074 816 3160 quid
837 3075 878 3139 ad
901 3074 1108 3139 obtinendum
1129 3073 1214 3139 hunc

119 3183 249 3248 titulum
270 3203 349 3268 opus
371 3182 477 3266 fuerit,
502 3191 651 3248 accurate
672 3183 833 3268 inquirere
854 3181 1014 3248 debemus.

204 3289 276 3370 Quo
297 3292 367 3356 loco
378 3290 671 3376 Nicomedensium,
694 3311 829 3376 quorum
850 3291 999 3356 neocoria
1015 3292 1116 3358 altera
1137 3311 1213 3376 quo-

118 3398 216 3462 modo
238 3399 385 3464 instituta
405 3400 447 3464 sit
469 3399 602 3464 fortuito
623 3401 769 3483 sciamus,
799 3401 956 3464 rationem
976 3399 1094 3466 habere
1115 3399 1213 3464 iuvat.

121 3505 253 3571 Cassius
281 3508 365 3571 enim
388 3507 470 3590 Dio,
501 3518 655 3593 quantum
685 3508 837 3575 Saoterus
859 3507 1101 3574 Nicomedensis
1129 3506 1214 3592 apud

191 3767 211 3836 1)
231 3771 263 3819 of.
288 3785 309 3820 c.
328 3770 344 3820 i.
364 3787 389 3836 g.
415 3774 481 3823 4189
507 3809 537 3822 ..
558 3810 563 3822 .
584 3809 589 3821 .
609 3771 693 3838 κῙατὰ
725 3773 760 3828 τὰ
789 3771 929 3841 δό[ξαν]τα
952 3777 989 3844 τῇ
1011 3771 1215 3844 λαμπρο[τάτη]

120 3858 209 3928 βουλῇ
225 3855 283 3922 κα[ὶ
297 3855 343 3931 vlt}
358 3856 523 3932 [xpuhictrp
535 3857 613 3931 δήμῳ
625 3855 765 3928 Ἀδριανῆς
776 3858 962 3924 Νικοπόλεως
980 3863 1029 3926 τῆς
1048 3901 1054 3912 .
1069 3901 1075 3912 .
1090 3901 1095 3912 .
1111 3901 1116 3912 .
1130 3856 1214 3926 [valor-

121 3939 227 4008 xdlplov
244 3941 302 4009 arodi
323 3942 541 4012 μη]τροπόλε[ως
560 3988 565 3999 .
587 3988 592 3999 .
613 3988 618 3999 .

190 4031 211 4100 ¹)
231 4035 265 4086 cf.
282 4036 389 4102 journal
413 4039 443 4089 of
462 4037 553 4107 philol.
572 4039 611 4089 XI
635 4055 658 4106 p.
681 4041 727 4090 157
753 4037 810 4094 ἀπὸ
828 4036 995 4110 Ἀναζάρβου
1012 4037 1095 4106 [τῆς]
1112 4056 1214 4107 μητρο·

122 4119 230 4186 πόλεως
253 4127 311 4176 τῶν
328 4120 526 4194 γ’ἐπαρχειῶν
552 4123 804 4194 προκαθεζομένης
827 4126 876 4179 καὶ
901 4123 1079 4194 βνεωκόρου
1101 4143 1129 4180 κ.
1146 4143 1170 4180 τ.
1189 4128 1214 4180 λ.

190 4213 211 4280 ³)
230 4217 265 4266 cf.
288 4234 342 4268 rev.
366 4217 482 4270 arcbdol.
508 4236 532 4270 n.
552 4235 573 4270 s.
595 4221 685 4272 XXXI
710 4236 735 4286 p.
756 4222 804 4274 195
829 4219 879 4276 τὸν
899 4216 1128 4288 ἐπιφανέστατον
1145 4219 1212 4274 Καί-

122 4315 194 4370 σαρα
214 4303 266 4357 ot.
288 4301 443 4372 Οὐαλέριον
461 4305 647 4359 Κωστάντιον
670 4302 687 4373 ἣ
705 4306 820 4374 λαμπρὰ
843 4311 900 4361 τῶν
923 4303 1091 4360 Συνναδέων
1111 4302 1214 4374 μητρό-

122 4391 206 4455 πολις
223 4389 273 4443 καὶ
292 4390 334 4456 δὶς
351 4389 491 4460 νεωκόρος
508 4395 565 4446 τῶν
583 4393 668 4464 Σεββ.
686 4409 714 4446 κ.
732 4409 757 4446 τ.
776 4395 800 4447 λ.
890 4431 895 4441 .
