2966 5092
651 485 694 554 25

570 573 767 582 ua———-

111 689 286 776 accepisse
306 688 468 754 affirmant
481 690 517 772 ¹).
560 687 630 754 Iam
652 687 822 775 quaeritur,
844 707 921 751 num
935 686 1010 752 item
1033 685 1214 752 civitatibus

112 799 166 864 dei
196 798 325 864 deaeve
351 798 482 862 alicuius
511 797 644 864 aedibus
673 797 792 862 ornatis
824 797 962 861 numinis
989 797 1118 861 nomine
1149 818 1214 862 non
1281 865 1287 872 ,

111 907 227 973 addito
251 900 444 991 νεωκόρους
470 929 541 972 sese
569 906 720 972 dictioere
739 907 872 970 licuerit.
918 903 1012 984 Quod
1034 914 1070 970 ut
1092 905 1214 990 discep-

111 1025 213 1100 tetur,
239 1037 314 1080 cum
332 1015 464 1101 Ephesii
485 1005 712 1100 imperatorum
734 1035 861 1100 quoque
881 1014 1030 1078 neccoria
1051 1014 1155 1078 ornati
1175 1014 1214 1078 iis

110 1126 204 1209 locis,
228 1124 288 1189 ubi
310 1124 495 1210 simpliciter
514 1144 667 1190 neoccrcs
690 1145 760 1188 sese
773 1122 945 1208 appellant,
967 1131 1073 1186 utrum
1089 1121 1215 1188 Dianae

111 1255 192 1298 suae
214 1255 260 1298 an
283 1234 510 1318 imperatorum
537 1233 718 1297 neccoriam
746 1231 935 1314 intellegant
955 1230 1140 1314 ambiguum
1162 1231 1214 1314 sit,

110 1340 225 1406 nullae
247 1341 312 1406 nisi
327 1340 527 1426 Magnetium
549 1349 581 1406 et
596 1340 825 1406 Aezanitarum
848 1340 992 1404 civitates
1013 1347 1109 1425 aptae
1130 1347 1214 1422 sunt,

112 1471 258 1534 quarum
287 1458 455 1534 utramque
481 1470 585 1534 neque
614 1449 843 1533 imperatorum
863 1440 1036 1533 νεωκόρον
1062 1446 1161 1512 fuisse
1182 1455 1215 1512 et

110 1558 261 1624 numinis
283 1558 332 1622 sui
352 1558 535 1643 principalis
557 1558 739 1622 neccoriam
764 1557 891 1643 publice
911 1556 1114 1642 praedicasse
1135 1557 1213 1621 scia·

111 1689 196 1732 mus.
245 1666 328 1732 Cum
359 1675 466 1731 autem
497 1674 611 1731 neutra
632 1686 741 1730 earum
766 1664 843 1730 illud
872 1669 931 1751 τῆς
953 1654 1138 1752 Ἀρτέμιδος
1159 1673 1216 1730 aut

111 1780 178 1842 τοῦ
201 1767 284 1852 Διὸς
312 1775 480 1840 neccoriae
500 1774 593 1840 titulo
616 1772 735 1840 addere
756 1773 820 1838 ullo
840 1773 910 1838 loco
932 1773 1122 1857 omiserit¹),
1149 1794 1213 1838 om·

112 1887 207 1952 nium
238 1885 405 1950 civitatum
433 1884 598 1950 neccorias
627 1884 661 1947 in
687 1883 901 1948 monumentis
929 1883 1064 1968 publicis
1091 1881 1214 1966 obvias,

113 1993 237 2080 quibus
269 1994 321 2059 dei
353 1993 472 2059 deaeve
502 2015 619 2059 nomen
651 2013 717 2058 non
748 1991 900 2082 addatur,
934 1991 975 2057 ad
1006 1993 1214 2077 imperatores

112 2085 242 2168 referre
262 2102 449 2196 praestabit.
1044 2089 1048 2092 ’

113 2201 121 2208 ’
168 2193 175 2198 “
200 2195 444 2296 ΑῐᾳιιοΐᾶοἶΙέ,’
459 2218 495 2276 ut
516 2211 637 2296 opinor,
667 2233 764 2276 causa
784 2210 990 2294 intellegitur,
1020 2231 1075 2274 cur
1097 2207 1213 2274 Caesa·

112 2341 188 2386 rum
212 2319 382 2386 dumtaxat
402 2321 551 2385 neccoria
571 2321 683 2405 auctis,
716 2342 779 2406 quo
801 2343 839 2386 ea
859 2321 1045 2406 pertineret,
1067 2319 1214 2384 omittere

113 2429 255 2494 licuerit.
307 2427 510 2514 Quamquam
543 2429 627 2493 enim
658 2430 826 2494 neccoriae
855 2429 983 2494 titulum
1012 2451 1052 2494 ex
1081 2426 1214 2492 deorum

115 2537 294 2602 dearumve
316 2538 442 2623 templis
464 2539 498 2602 in
520 2536 695 2603 Caesarum
715 2538 903 2622 religionem
932 2537 1122 2603 translatum
1144 2558 1214 2602 esse

116 2646 323 2732 comprobari
363 2656 489 2732 potest,
531 2656 640 2714 tamen
682 2646 944 2712 consuetudinem
980 2668 1050 2711 eum
1088 2645 1214 2732 publice

116 2753 256 2838 gerendi
287 2757 320 2820 in
354 2757 415 2822 hac
450 2755 666 2822 introductam
700 2756 875 2843 eademque
908 2777 1009 2842 usque
1042 2754 1084 2820 ad
1117 2753 1214 2820 finem

116 2863 239 2928 saeculi
261 2885 292 2948 p.
305 2862 380 2930 Chr.
395 2864 525 2929 alterius
540 2886 575 2928 se
589 2865 784 2930 continuisse
799 2887 896 2951 supra
917 2864 1213 2930 demonstravimus.

117 2971 321 3038 Procedente
341 2980 449 3038 autem
469 2981 614 3058 tempore
635 2976 739 3038 iurum
760 2973 960 3060 quorumdam
979 2983 1076 3059 atque
1095 2972 1213 3038 officie-

116 3102 191 3146 rum
206 3081 240 3144 in
255 3081 339 3146 culto
354 3080 528 3148 Caesarum
542 3103 699 3148 summam
713 3105 751 3148 eo
774 3082 955 3167 significare
971 3089 1212 3146 consueverunt.

118 3188 175 3255 Ad
208 3210 302 3275 quem
336 3191 435 3276 igitur
466 3192 616 3257 neccoria
646 3193 837 3277 pertineret,
878 3191 997 3257 diserte
1036 3191 1214 3278 exprimere

118 3298 258 3364 otiosum
280 3308 357 3365 erat.
401 3297 483 3364 Oum
503 3308 610 3365 autem
632 3308 745 3385 postea
773 3300 919 3366 civitates
948 3299 1120 3366 nonnullae
1139 3299 1213 3364 deo·

117 3427 192 3471 rum
220 3427 349 3472 suorum
376 3409 559 3473 neccoriam
587 3430 665 3493 prae
691 3431 727 3474 se
752 3407 837 3474 ferre
864 3409 1056 3494 inciperent,
1087 3429 1141 3472 eas
1162 3407 1214 3473 dei

119 3516 173 3580 vel
194 3514 273 3579 deae
294 3516 423 3580 nomine
444 3537 597 3602 oppresso
613 3537 685 3581 cum
705 3516 888 3582 civitatibus
908 3517 1058 3582 neccoria
1078 3517 1213 3602 impera-

118 3623 205 3687 toria
236 3624 357 3688 ornatis
392 3633 493 3689 semet
527 3645 708 3710 exaequare
739 3625 855 3691 vetitas
887 3646 958 3691 esse
994 3625 1150 3712 suspicari
1180 3625 1214 3690 in

119 3740 269 3817 promptu
291 3740 349 3797 est.

205 3839 408 3927 Quamquam
429 3849 541 3906 contra
560 3841 644 3908 hanc
669 3842 774 3927 legem
795 3864 1026 3929 nonnunquam
1047 3851 1215 3930 peccatum

120 3969 191 4013 csse
212 3949 325 4032 negari
346 3950 401 4014 vix
428 3958 544 4034 potest.
588 3949 747 4035 Ephesios
777 3949 905 4035 quidem
933 3973 1005 4016 cum
1033 3950 1135 4017 tribus
1155 3951 1212 4016 im-

190 4153 199 4184 2
272 4155 279 4170 .

190 4157 212 4306 ’l
230 4159 435 4294 lullitlllomclsi.
453 4260 478 4310 g.
498 4243 557 4295 add.
576 4247 639 4296 ³841
650 4260 674 4310 g.
697 4241 756 4312 [τῆς
774 4239 851 4311 ἱερᾶς
868 4241 928 4309 καὶ]
947 4241 1053 4298 ἀσύλου
1070 4243 1120 4298 καὶ
1138 4242 1212 4310 [νον

121 4324 219 4395 κόρο]υ
243 4330 292 4382 τοῦ
317 4326 386 4392 Διὸς
407 4326 603 4398 [ΑἰζανειΙτῶν
625 4328 735 4396 πόλεως
762 4325 788 4398 [ἦ
809 4325 1023 4401 φιλοσέβα1στος
1043 4327 1130 4402 βουλὴ
1153 4325 1212 4396 [καὶ

122 4406 303 4482 ὃνεωκόρΙος
321 4415 407 4483 δῆμος
424 4421 557 4482 postrema
575 4416 743 4470 debiscunt
