2966 5092
653 483 671 548 7

562 573 758 582 ξ...-

252 611 274 648 s

90 682 178 746 satis
212 703 347 766 magna,
376 683 432 747 sed
454 685 598 748 neocoris
629 684 736 748 multis
763 683 841 747 locis
870 684 954 749 idom
983 682 1138 767 obtigisse
1167 703 1206 747 ex

91 789 329 875 disputatione
351 801 461 856 nostra
489 792 634 856 elucebit.
678 791 769 856 Idem
799 791 937 878 denique
964 791 1048 877 quod
1075 790 1206 856 vocibus

90 892 281 985 νεωκόρος
309 909 342 964 et
370 893 512 986 ζόκορος
542 922 621 965 voce
650 893 834 986 σηκοκόρος
865 899 1039 984 significari
1072 908 1208 964 testatur

91 1007 295 1094 Hesychius
327 1031 352 1072 s.
375 1031 404 1073 v.
428 1003 626 1094 σηκοκόρος·
656 999 674 1074 ό
696 1003 759 1094 τὴν
779 1007 970 1093 ἐπιμέλειαν
997 1011 1068 1072 τῶν
1096 1010 1207 1092 σηκῶν

93 1111 318 1201 ποιούμενος
338 1155 379 1164 -—
401 1108 487 1182 ὅθεν
506 1118 563 1182 καὶ
584 1110 753 1202 νεωκόρος
768 1117 802 1202 ¹).
837 1115 958 1182 Contra
971 1137 1037 1178 vox
1048 1114 1208 1178 Laconica

95 1243 151 1291 σιο
161 1219 301 1312 κόρος
323 1226 377 1307 (ef.
393 1225 534 1311 Hesych.
550 1247 575 1290 s.
587 1247 617 1289 v.
630 1219 802 1310 σιοκόρος·
822 1218 1000 1309 νεωκόρος,
1021 1216 1207 1307 θεωκόρος,

95 1327 325 1420 θεραπευτὴς
346 1319 538 1416 τῶνδεῶν)
561 1333 668 1398 verbis
691 1327 870 1418 νεωκόρος,
892 1325 1075 1420 σηκοκόρος
1088 1341 1209 1396 temere

98 1442 308 1526 comparatis
338 1463 378 1505 ex
406 1435 615 1518 θεσκόλος
645 1441 699 1524 (cf.
723 1441 914 1519 θεοκολέω,
944 1433 1124 1526 θεήκολος)
1154 1439 1207 1504 de-

96 1559 248 1634 pravata
270 1572 340 1614 esse
361 1549 488 1614 videtur
500 1550 536 1633 ²).

189 1657 358 1721 Absoluta
390 1657 450 1721 hac
485 1657 525 1721 de
554 1658 684 1721 nomine
716 1657 917 1722 aedituorum
949 1657 1136 1743 quaestione
1167 1655 1208 1720 ad

97 1785 247 1830 munera
280 1787 388 1830 eorum
417 1767 553 1830 transire
583 1766 666 1830 licet.
717 1765 808 1830 Inter
836 1787 918 1851 quae
945 1766 1082 1850 primum
1111 1765 1209 1829 fuisse

97 1855 315 1958 purgandis
336 1873 483 1938 sordibus
504 1876 632 1960 templi,
663 1875 748 1960 quod
774 1898 814 1941 ex
835 1877 964 1940 nomine
986 1875 1209 1956 conclusimus,

98 1981 217 2046 verbis
242 1981 341 2064 Ionis,
370 2004 464 2068 quem
486 1984 653 2047 neocoriee
682 1984 833 2067 antiquae
855 1984 1018 2068 exemplar
1038 1981 1209 2067 Euripides

100 2090 264 2175 praebet,
293 2099 368 2175 apte
391 2081 605 2156 confirmetur.
648 2091 834 2156 Memineris
856 2092 951 2156 velim
979 2091 1094 2155 cantici
1115 2091 1209 2173 illius,

101 2198 162 2262 ubi
185 2197 357 2262 hortorum
379 2197 439 2262 Ion
460 2199 655 2263 mentionem
677 2198 755 2262 facit
777 2199 821 2283 (v.
847 2199 903 2262 116
925 2199 987 2285 sq.)

418 2320 472 2388 ἵνα
494 2317 609 2409 δρόσοι
629 2324 778 2410 τέγγουδ
800 2321 884 2409 ἱεραί

414 2543 573 2628 μυρσίνας
595 2534 688 2628 ἱερὰν
709 2534 829 2624 φόβαν,

413 2634 434 2740 ᾇ
456 2652 561 2736 σαίρω
582 2643 730 2716 δάπεδον
750 2655 838 2717 θεοῦ

413 2759 618 2845 παναμέριος
639 2749 692 2845 ἅμ’
714 2750 812 2826 ἁλίου

413 2867 553 2952 πτέρυγι
574 2871 643 2958 θοᾷ

415 2969 588 3061 λατρεύων
608 2969 648 3041 τὸ
669 2976 744 3041 κατ’
765 2961 861 3061 ἦμαρ.

108 3108 213 3185 atque
234 3099 276 3164 ab
298 3099 395 3165 choro
417 3121 489 3165 eum
510 3100 665 3186 appellari
688 3101 732 3183 (v.
756 3100 817 3165 794
838 3101 901 3186 sq.)

696 3213 699 3220 '
805 3201 867 3274 τὸν
886 3209 1031 3290 νεανίαν,

466 3303 504 3392 δς
523 3308 616 3381 τόνδ’
639 3312 747 3402 ἔσαιρε
768 3309 862 3381 ναόν.

111 3433 180 3500 Sed
196 3432 238 3498 ed
253 3434 316 3498 alia
330 3455 457 3520 quoque
477 3434 656 3498 ministeria
678 3433 831 3498 inferiora
847 3431 966 3498 aeditui
987 3454 1095 3498 eurem
1116 3434 1212 3518 perti-

20 3561 25 3572 ’
112 3543 224 3606 unisse
246 3551 495 3606 consentaneum
518 3551 575 3606 est.
612 3541 728 3627 Neque
748 3543 910 3626 miremur,
934 3541 1018 3625 quod
1040 3540 1212 3606 maioribus

114 3648 247 3734 quidem
269 3651 301 3714 in
323 3651 449 3736 templis
472 3650 649 3735 complures
676 3651 805 3714 neocori
834 3651 995 3714 interdum
1024 3670 1211 3714 commemo-

189 3926 211 3993 ¹)
231 3929 264 3978 of.
283 3927 325 3979 Ps.
343 3928 478 3993 Manetho,
503 3925 619 3983 ἀποτελ.
644 3928 681 3978 1v
704 3944 728 3978 v.
748 3931 798 3978 430
822 3920 959 3982 ἔσσεσθαι
982 3930 1078 3996 σηκῶν
1099 3944 1130 3981 τε
1147 3945 1213 3982 νισι

116 4013 233 4084 κορίρσι
251 4012 398 4082 μέλοντας.
565 4019 569 4028 ’

187 4117 208 4180 ⁸)
227 4135 260 4168 ex
289 4119 371 4170 verbo
398 4127 552 4186 νεωκορεῖν
582 4117 765 4188 (ceditumeri)
794 4119 858 4172 setis
889 4120 951 4172 trito
981 4119 1118 4171 derivetur
1147 4137 1213 4174 vem

118 4207 271 4271 κορεῖσθαι
296 4205 389 4256 lexicis
413 4205 561 4270 ignotum:
581 4208 614 4256 cf.
634 4207 731 4270 Wood,
758 4207 857 4258 disoov.
882 4215 911 4260 st
932 4207 1026 4274 Ephes.
1048 4207 1158 4274 append.
1177 4207 1213 4257 v1

118 4301 143 4352 p.
160 4291 190 4339 10
208 4289 225 4339 l.
243 4292 273 4340 lt
293 4289 483 4358 νεοκόρωνται
504 4291 571 4357 (soil.
585 4291 621 4345 τὰ
634 4289 818 4360 ἀναθήματα)
832 4292 909 4360 παρὰ
922 4292 1118 4366 Σαλο[νταρίῳ
1130 4290 1216 4365 adole?

120 4374 315 4443 καθιερωκότι
333 4394 359 4430 κ.
377 4394 400 4429 τ.
420 4380 445 4431 λ.
