2966 5092
661 488 700 553 13

114 689 265 755 aedituis
297 691 525 776 comperimus,
554 711 574 754 a
602 690 742 754 muneris
770 690 938 754 neocoriae
970 687 1149 754 humilitate
1177 691 1223 755 in·

114 799 236 862 nativa
274 798 378 862 aliena
413 807 496 862 sunt.
551 797 588 862 Ε.
622 817 653 882 g.
691 797 907 882 Megabyzum
948 797 1055 882 illum,
1098 799 1225 864 Dianae

115 907 289 992 Ephesiae
309 927 479 988 neocoron,
501 898 638 992 θεωρὸν
659 904 855 991 'Olympiam
875 907 1008 970 missum
1029 927 1099 971 esse
1114 905 1224 972 Xeno-

115 1013 211 1100 phon
240 1023 353 1078 narrat
366 1013 402 1098 1).
445 1012 515 1078 Nec
545 1012 685 1078 defuisse
715 1013 849 1098 templa,
881 1013 936 1076 ubi
965 1014 1084 1078 aeditui
1110 1037 1224 1080 munus

116 1123 271 1207 sumptui
292 1121 386 1186 alicui
408 1130 501 1204 esset,
534 1143 574 1186 ex
596 1121 688 1186 titulo
710 1121 944 1186 Stratonicensi
971 1144 1068 1208 supra
1088 1123 1184 1188 allato
1197 1124 1224 1210 2)

117 1229 320 1294 concludere
354 1230 438 1294 licet.
492 1228 532 1292 cf.
567 1229 687 1292 anthol.
723 1229 819 1313 palat.
851 1227 904 1294 XI
934 1229 1005 1313 324,
1041 1229 1095 1294 ubi
1130 1241 1226 1316 poeta

118 1337 366 1422 (Automedon)
403 1336 587 1421 Apollinem
623 1337 729 1400 iocose
766 1345 951 1421 querentem
985 1336 1096 1422 fingit,
1140 1340 1225 1424 qued

118 1445 269 1512 Arrhius
292 1446 333 1512 sit

322 1543 480 1620 ύκνίσοου
501 1556 631 1638 βωμοῖο
653 1546 838 1638 νεωκόρος·
860 1544 902 1640 ἢν
922 1552 1038 1637 τελέσῃ
1059 1553 1095 1620 δὲ

321 1656 382 1747 τὴν
402 1654 550 1747 πομπὴν,
573 1652 655 1747 ἄρας
676 1652 779 1745 ᾤχεθ’
800 1652 933 1728 ἅπαντα
954 1655 1066 1728 πάλιν.

119 1771 162 1835 cf.
180 1850 182 1853 Ι
202 1770 284 1834 ibid.
321 1769 373 1834 IX
410 1770 459 1834 22.
519 1769 705 1834 Athenaeus
738 1769 823 1834 VHI
856 1771 894 1836 18
929 1793 959 1856 p.
990 1771 1048 1836 337
1084 1763 1166 1837 ἰδών
1195 1773 1225 1838 τ’

119 1873 319 1945 ἐπιθύοντα
340 1871 402 1943 τὸν
424 1870 605 1962 νεωκόρον.

208 1987 303 2050 Alios
318 1986 463 2051 aedituos
478 1985 662 2050 numinibus
678 1986 744 2050 suis
755 2007 828 2050 aras
843 1986 980 2052 condere
991 1989 1201 2072 comperimus
1218 2012 1225 2054 :

120 2095 162 2160 cf.
187 2104 320 2181 praeter
341 2095 468 2158 titulum
490 2117 516 2159 c.
539 2095 559 2159 i.
581 2116 612 2178 g.
635 2094 718 2159 6002
747 2094 1043 2179 supralaudatum,
1074 2095 1130 2160 ubi
1151 2119 1225 2162 neo-

121 2205 191 2268 ccri
216 2202 396 2288 complures
408 2202 572 2288 Serapidis
586 2202 741 2286 templum
762 2211 964 2288 statuamque
983 2213 1083 2268 semet
1099 2207 1226 2270 vovisse

120 2313 326 2397 praedicant,
354 2335 379 2376 c.
402 2313 421 2376 i.
445 2333 476 2396 g.
499 2311 591 2394 5997,
619 2310 674 2375 ubi
697 2311 861 2396 Serapidis
883 2311 1029 2376 aedituus
1051 2311 1184 2377 donaria
1205 2335 1226 2377 a

122 2443 158 2485 se
180 2421 291 2505 posita
312 2431 485 2504 enumerat,
517 2431 654 2502 etcum,
688 2441 783 2506 quem
803 2419 909 2485 Rhodi
935 2430 1097 2506 repertum
1126 2421 1226 2486 edidit

122 2527 280 2610 Newton,
303 2529 439 2612 catalog.
464 2528 501 2592 of
518 2550 546 2592 a.
569 2549 601 2612 g.
623 2529 643 2592 i.
666 2529 699 2592 in
721 2527 775 2592 the
797 2527 871 2592 brit.
894 2527 977 2593 Mus.
1000 2527 1035 2592 H
1056 2551 1087 2594 n.
1102 2529 1162 2594 361

249 2627 428 2718 Αἰγύπτου
447 2636 601 2721 μεδέοοοι
621 2629 850 2722 βαθυκλήροιο
872 2635 1028 2722 Σαΐοτης,

251 2747 349 2823 ξεῖνε,
370 2737 462 2831 παρὰ
483 2739 650 2831 προπύλῳ
670 2739 787 2822 τούςδε
809 2744 893 2812 θέτο
915 2738 1057 2830 ζάκορος

250 2845 384 2937 βωμοὺς
404 2841 636 2933 ἀθανάτοισιν,
657 2851 731 2918 ἐπεὶ
752 2853 850 2940 γέρας
872 2842 971 2918 αύτοὶ
992 2843 1134 2930 ἄνακτες

250 2960 379 3037 κεδνοῖς
400 2949 569 3046 Εὐρώπας
589 2963 705 3027 παισὶν
728 2958 861 3046 ἔνειμαν
882 2961 956 3028 ἰ’σον

214 3097 216 3105 ’
250 3062 367 3154 μούνῳ
388 3067 426 3134 ἐν
449 3067 617 3152 αἰζεὶοιοι·
639 3063 718 3135 τόδε
740 3070 838 3146 κλέος
859 3061 1018 3153 α”φθονον
1039 3062 1128 3156 ὥνηρ

250 3175 287 3262 ἐγ
306 3171 467 3264 μακάρων
488 3167 606 3244 οἷνύοαι
628 3179 709 3260 φατὶ
731 3173 924 3268 θικαιοούνρι
940 3178 977 3262 ³).

213 3285 438 3370 Splendidiora
473 3286 693 3351 Hermodorus
730 3289 814 3370 egit,
859 3309 930 3351 cum
964 3281 1134 3373 νεωκόρος
1168 3291 1227 3372 τῆς

127 3381 354 3480 Ἀρχηγέτιδος
365 3394 531 3470 Χαλκίδος
548 3405 632 3460 esset
650 3419 657 3459 :
681 3397 779 3480 quiin
794 3395 886 3460 titulo
902 3395 1227 3480 editoMitteilungen

127 3502 179 3568 VI
201 3525 232 3588 p.
258 3501 316 3566 167
339 3522 359 3565 a
380 3502 502 3566 civibus
533 3507 598 3567 suis
630 3502 777 3568 laudibus
806 3505 937 3568 summis
959 3504 1081 3568 tollitur
1102 3527 1139 3569 ac
1159 3505 1225 3591 pla-

36 3651 39 3658 ι
129 3622 181 3676 cet
196 3613 235 3676 iis
251 3605 304 3677 dcci
329 3635 366 3677 τε
381 3605 423 3676 τὰ
443 3603 720 3696 τειχοδομήματα,
743 3598 764 3676 ἃ
785 3609 942 3698 ἐποίησεν
962 3613 1040 3697 περὶ
1061 3605 1101 3678 τὸ
1124 3611 1226 3698 ἱερὸν,

202 3875 222 3941 ²)
241 3876 257 3926 l.
276 3877 293 3927 l.

200 3960 221 4029 ¹)
240 3979 265 4030 r·
284 3965 308 4014 6·

200 4047 222 4116 ⁸)
242 4051 340 4102 Sensus
363 4050 458 4102 horum
479 4065 618 4114 versuum,
642 4066 721 4116 quem
748 4056 833 4102 semet
856 4067 910 4102 non
931 4068 1039 4119 prorsus
1062 4053 1226 4120 perspexisse

131 4133 243 4186 Newton
260 4136 408 4201 confitetur,
427 4136 471 4187 hic
490 4152 547 4188 esse
565 4137 691 4188 videtur:
712 4137 811 4189 Saintes
831 4136 921 4204 (homo
940 4139 1012 4190 haud
1030 4139 1110 4191 dubie
1121 4141 1226 4207 Aegyp-

131 4221 197 4287 tius)
216 4222 378 4286 numinibus,
398 4223 444 4288 qui
461 4223 584 4290 Aegypto
604 4224 753 4290 praesident
772 4224 976 4289 („Ptolemaeis¹‘
995 4226 1127 4292 Newton),
1152 4243 1227 4278 aram

132 4309 217 4373 ponit,
243 4308 306 4374 quia
324 4309 423 4360 honere
441 4309 581 4377 (nuceriae)
606 4311 716 4363 Graecis
740 4308 892 4378 (Εὐρώπας
910 4311 1022 4378 παισίν)
1045 4318 1179 4363 reservato
1199 4329 1227 4364 sc

133 4395 268 4459 auxerint3
292 4396 363 4462 quod
380 4412 433 4447 non
452 4396 583 4448 immerito
602 4397 635 4449 ab
653 4397 849 4450 immortalibus
867 4413 924 4448 sese
942 4397 1089 4452 obtinuisse
1106 4399 1226 4451 affirmat.
