2966 5092
830 470 852 536 4

292 693 387 760 quam
423 675 521 758 scire,
565 694 647 760 quae
683 673 780 738 fuerit
815 672 897 738 ratio
938 673 1022 737 inter
1057 694 1171 738 munus
1213 674 1319 738 zacori
1356 683 1391 738 et

291 782 428 847 neocori.

374 890 465 970 Quae
501 913 553 956 res
595 899 742 955 contorta
756 890 781 973 ¹)
826 897 862 952 ut
901 887 1077 972 explicetur
1116 887 1264 972 tandem,
1308 889 1392 954 hoce

291 999 428 1082 primum
456 997 629 1062 tenendum
658 1006 724 1081 est,
752 997 857 1060 zacori
886 1017 1000 1060 munus
1026 993 1067 1060 ad
1095 995 1232 1081 profana
1260 1018 1391 1083 quoque

290 1107 452 1192 pertinere
479 1107 629 1191 potuisse.
672 1105 759 1170 Nam
788 1105 856 1168 sive
883 1102 961 1167 illud
988 1109 1029 1187 ζα
1059 1104 1219 1168 intensive
1248 1106 1390 1190 positum

290 1215 359 1279 sive
380 1236 420 1280 ex
442 1208 495 1279 διά
517 1224 623 1278 ortum
644 1235 715 1278 esse
737 1233 911 1292 censemus,
933 1212 1044 1297 utique
1065 1210 1126 1276 hac
1140 1233 1219 1276 voce
1239 1213 1266 1276 is
1288 1213 1388 1296 signi-

290 1320 405 1386 {icatur
412 1373 421 1406 ‚
449 1323 503 1408 qui
531 1323 639 1386 verrit.
682 1320 829 1401 Quocum
859 1320 1022 1403 congruit,
1051 1319 1136 1405 quod
1163 1320 1327 1384 ministros
1356 1331 1390 1386 et

290 1432 454 1495 ministras
482 1424 647 1516 ςακόρους
667 1429 828 1494 interdum
851 1427 1028 1512 appellatos
1051 1449 1121 1491 esse
1144 1429 1357 1512 comperimus
1381 1453 1388 1492 :

291 1538 331 1602 cf.
364 1537 452 1604 Suid.
490 1561 514 1603 s.
542 1561 573 1603 v.
609 1531 751 1623 ζάκορος
784 1575 825 1584 -
859 1536 915 1601 καὶ
947 1526 965 1600 ὃ
997 1525 1176 1622 ὑπηρέτης.
1219 1537 1389 1627 Λευκαδίᾳ

293 1643 487 1731 [Menandri]

446 1768 564 1847 ἐπίθες
584 1763 624 1836 τὸ
646 1773 713 1854 πῦρ
735 1759 756 1854 ἦ
777 1761 919 1854 ζάκορος
943 1758 1067 1835 οὑτωσὶ
1088 1773 1198 1848 καλῶς
1209 1771 1245 1854 ²).

374 1895 444 1960 Nec
469 1917 546 1959 vcro
575 1895 744 1980 quominus
774 1894 893 1979 templa
927 1915 1055 1980 quoque
1083 1895 1243 1980 purgandi
1271 1917 1385 1960 munus

290 2005 396 2068 aacori
418 2003 632 2088 susciperent,
662 2003 833 2088 quicquam
855 2002 1013 2067 obstabat.
1057 2001 1113 2068 Eis
1142 2013 1250 2068 autem
1277 2005 1311 2068 in
1332 2003 1385 2068 de-

289 2111 388 2176 lubris
417 2133 571 2176 neocoros
600 2131 665 2174 non
693 2109 793 2174 fuisse
815 2120 847 2174 et
875 2121 1124 2176 consentaneum
1155 2122 1204 2176 est
1232 2122 1265 2177 et
1291 2113 1387 2178 facile

290 2219 503 2284 demonstrari
524 2228 639 2304 potest.
673 2219 711 2282 E.
727 2240 758 2301 g.
773 2219 879 2283 nullus
894 2229 999 2284 exstat
1014 2221 1133 2304 titulus,
1156 2242 1219 2306 quo
1240 2221 1387 2285 aedituos

289 2329 473 2413 Aesculapii
495 2327 702 2392 Atheniensis
723 2349 878 2392 neocoros
900 2338 1030 2392 vocatos
1054 2350 1124 2393 esse
1149 2329 1385 2414 comprobetur,

290 2458 361 2502 cum
392 2428 538 2522 ζακόρου
578 2436 763 2520 saepissime
801 2437 920 2500 mentio
953 2435 1057 2520 fiat3).
1112 2435 1183 2500 Nec
1214 2439 1318 2521 magis
1351 2439 1385 2501 in

289 2545 408 2629 templo
443 2543 686 2629 peregrinorum
721 2543 775 2629 qui
811 2543 1014 2628 appellantur
1049 2546 1215 2610 numinum
1250 2545 1385 2610 Deliaco

289 2652 435 2717 aedituus
469 2645 639 2736 νεωκόρος
674 2661 825 2736 vocatur,
863 2651 918 2716 sed
954 2674 1079 2738 semper
1119 2656 1224 2718 zacori
1257 2655 1386 2718 nomine

289 2771 422 2825 ornatur
431 2761 468 2842 ⁴).
511 2759 633 2824 Rursus
654 2760 774 2824 nemini
795 2781 936 2846 unquam
962 2763 1051 2826 venit
1078 2762 1112 2825 in
1143 2771 1282 2827 mentem
1309 2783 1383 2826 neo-

290 2891 380 2934 coros
402 2868 561 2954 Apollinis
585 2867 710 2932 Deliaci
732 2877 788 2932 aut
809 2868 958 2955 Delphici
979 2870 1073 2935 aliter
1094 2892 1219 2935 vocare.

372 2976 448 3042 Non
470 2985 557 3075 recte
586 2977 685 3060 igitur
707 2976 743 3041 O.
765 2977 819 3041 Fr.
842 2977 1048 3042 Hermannus
1078 2972 1221 3064 ζάκορος
1248 2979 1384 3043 formam

289 3086 502 3171 antiquiorem
526 3083 626 3149 fuisse
647 3087 770 3149 censuit
779 3085 817 3169 ⁶).
860 3087 970 3171 Atque
992 3085 1078 3171 quod
1100 3108 1171 3151 eam
1185 3087 1218 3150 in
1236 3087 1383 3171 cultibus,

289 3195 344 3280 qui
366 3193 479 3278 gravia
501 3202 533 3256 et
554 3194 692 3277 mystica
712 3195 937 3278 appetiverint,
973 3196 1186 3278 permansisse
1208 3193 1310 3278 docet,
1332 3194 1384 3259 vel

289 3324 326 3366 eo
359 3301 532 3383 refutatur,
570 3301 655 3386 quod
691 3303 724 3365 in
759 3302 886 3386 templis
920 3303 1102 3388 Aesculapii
1137 3304 1257 3368 aeditui
1288 3302 1382 3366 modo

358 3589 377 3658 ¹)
397 3593 430 3643 cf.
449 3593 619 3659 Bernhardy,
643 3593 671 3644 in
690 3593 752 3644 edit.
772 3593 865 3644 Thom.
885 3609 953 3660 mag.
973 3609 993 3644 s.
1015 3611 1040 3644 v.
1059 3593 1195 3662 ζάκορος;
1217 3594 1337 3646 Dindorf.
1355 3594 1383 3645 in

289 3678 351 3730 edit.
370 3678 490 3730 thesauri
508 3678 635 3746 Stephani
653 3695 673 3729 s.
692 3696 717 3729 v.

356 3761 501 3832 ')Fragm
521 3765 613 3816 comio.
633 3765 672 3816 ed.
691 3767 823 3819 Meineclr.
842 3769 880 3820 IV
896 3785 921 3836 p.
943 3771 999 3821 160.

356 3848 378 3911 ⁸)
397 3865 419 3901 o.
438 3850 455 3900 i.
474 3867 497 3901 a.
516 3852 671 3903 11168c.e.
693 3855 771 3904 1320.
793 3859 874 3906 llla.
895 3858 971 3906 1810.
981 3855 1006 3905 h.
1027 3855 1108 3908 2205.
1128 3855 1246 3908 talah.
1266 3859 1345 3907 774α.
1356 3855 1380 3907 5.

289 3938 346 3986 780.
355 3952 378 3986 a.
390 3936 414 3987 b.
438 3939 518 3987 8948.

358 4019 381 4087 ⁴)
400 4022 469 4073 Bnll.
489 4023 521 4074 de
539 4039 604 4074 corr.
624 4021 721 4074 hellen.
741 4025 778 4075 VI
795 4041 820 4091 p.
835 4027 885 4076 626
904 4041 930 4076 n.
949 4028 981 4076 20
999 4023 1146 4096 Αἰσχρίων
1163 4054 1196 4064 -
1213 4023 1265 4082 τὸν
1281 4021 1381 4082 ἑαυτοῦ

285 4101 338 4161 ttv
364 4103 531 4177 Αἰσχρίωνα
566 4108 810 4178 κλειδουχήσαντα
844 4110 1006 4179 Σαράπιδι,
1036 4110 1118 4166 Ἴσιδι
1125 4151 1132 4178 ,
1167 4109 1306 4184 Ἀνούβιδι
1332 4109 1380 4167 ἐπὶ

244 4217 246 4223 .
290 4189 387 4260 laedor
429 4194 593 4263 Δημητρίου
632 4199 683 4249 τοῦ
722 4197 885 4266 Δημητρίου
921 4195 1139 4266 Ἀναφλυστίου,
1180 4197 1381 4268 ζακορεύοντος

287 4279 478 4347 Μαραθῶνος.
507 4281 541 4330 cl.
560 4280 624 4331 ibid.
643 4297 668 4332 n.
688 4285 727 4332 22.
748 4286 787 4334 23.
807 4286 847 4336 05.
867 4285 906 4336 55.
927 4287 967 4337 66.
986 4287 1027 4336 67.
1045 4285 1094 4336 Vll
1112 4301 1136 4352 p.
1157 4289 1214 4337 280.

356 4363 376 4432 ⁵)
395 4366 567 4432 antiquitates
584 4368 610 4417 11
628 4368 643 4429 5
663 4370 703 4433 06,
724 4373 747 4418 7.
