2966 5092
559 493 755 598 -u-

111 700 167 786 qni
197 701 264 764 eius
294 699 434 784 collegae
464 709 570 764 essent
599 701 632 764 in
664 699 797 766 delubro
827 699 987 786 Apollinis
1017 710 1049 766 et
1078 699 1112 765 in
1141 699 1202 766 Ar-

109 809 246 873 temisio.

194 917 277 981 Aliis
307 937 434 1002 quoque
461 916 539 980 locis
568 917 688 982 aeditui
717 918 927 1003 complurium
952 917 1143 1003 templorum
1170 918 1204 981 in

110 1025 282 1108 collegium
303 1023 462 1110 quoddam
485 1027 586 1089 coisse
606 1025 765 1090 videntur.
809 1025 881 1105 Quo
903 1026 936 1089 in
957 1047 1077 1110 genere
1091 1025 1204 1090 Perro-

110 1135 192 1198 tium
222 1131 350 1219 quidem
371 1135 404 1196 in
434 1133 707 1198 senatusconsulto
732 1133 973 1218 Cyzicenorum,
999 1133 1084 1220 quod
1104 1131 1206 1198 edidit

109 1261 209 1306 revue
230 1239 367 1305 aroheol.
390 1261 420 1304 n.
438 1263 462 1304 s.
477 1239 599 1306 XXXI
629 1263 660 1326 p.
681 1241 758 1326 350,
790 1263 855 1306 non
883 1251 971 1307 reete
1002 1239 1205 1328 „ne[ooor]on

111 1347 247 1434 corpus“
265 1349 472 1434 supplevisse,
496 1371 567 1414 cum
591 1371 694 1434 „neon
710 1348 842 1435 corpus“
866 1349 1036 1434 legendnm
1052 1371 1121 1414 esse
1135 1350 1205 1434 ipso

109 1457 218 1542 lapide
237 1456 440 1539 indicaretur,
475 1457 692 1522 Mommssnus
714 1459 838 1523 monuit
853 1458 888 1542 ¹),
931 1457 997 1526 Sed
1021 1458 1048 1521 si
1069 1457 1205 1540 legimus

111 1567 146 1629 in
167 1565 274 1650 lapide
295 1565 458 1631 Rhodiaco
481 1566 642 1650 (Newton,
665 1567 757 1632 catal.
780 1567 817 1631 of
835 1587 862 1632 a.
885 1588 933 1651 gr.
956 1568 976 1632 i.
999 1567 1032 1631 in
1054 1566 1109 1630 the
1131 1565 1204 1630 brit.

112 1673 260 1739 Museum
289 1673 324 1738 II
353 1674 429 1756 353)
467 1676 570 1739 virum
601 1675 761 1760 quendam
790 1675 830 1740 de
860 1676 1016 1759 religione
1042 1684 1074 1740 et
1101 1675 1207 1758 petria

113 1781 196 1846 bene
235 1785 383 1848 meritum
414 1783 605 1848 honoratum
640 1807 710 1849 esse
739 1775 806 1850 ὑπὸ
842 1773 1113 1870 Ἀσκλα[πιαστᾶν
1149 1783 1206 1847 καὶ

112 1889 243 1975 corcoli>
267 1891 450 1977 &taoltlrdv
473 1894 529 1958 καὶ
547 1883 742 1979 Ἐρμαιστᾶν
770 1895 826 1958 καὶ
853 1883 921 1958 ὑπὸ
943 1889 1204 1979 Σεραπι[αστᾶν1

111 2023 141 2064 κ.
171 2021 200 2064 τ.
229 2003 256 2064 l.
300 2001 356 2064 καὶ
386 1993 454 2066 ὑπὸ
483 2003 687 2086 vaxopeloov,
719 2001 777 2066 hos
809 2003 1207 2087 vauopslougpropterea

113 2106 199 2192 quod
242 2127 313 2170 oum
356 2107 498 2192 collegiis
540 2109 602 2173 illis
645 2118 878 2194 componuntur
920 2118 952 2173 st
996 2109 1206 2172 communiter

112 2224 231 2298 agunt,
263 2217 349 2300 ipsos
379 2217 548 2300 collegium
576 2215 737 2301 quoddam
765 2215 922 2280 formasse
947 2216 1118 2280 verisimile
1147 2224 1205 2280 est.

113 2321 317 2408 Quamquam
350 2345 406 2388 eos
444 2323 588 2388 aedituos
629 2323 729 2388 fuisse
768 2324 930 2389 affirmare
968 2323 1098 2410 quidem
1133 2323 1205 2387 sub-

113 2430 305 2496 dubitamus.

197 2539 311 2604 Restat
332 2549 368 2604 ut
389 2561 579 2625 quaeramus
605 2540 757 2626 quamdiu
777 2542 907 2605 neocori
936 2541 1054 2624 singuli
1075 2559 1207 2605 munere

114 2668 172 2710 suo
194 2647 296 2712 iuncti
317 2649 390 2712 sint.
435 2649 630 2734 Perpetuam
650 2649 683 2714 id
704 2671 769 2714 non
798 2649 917 2735 ubique
938 2648 1038 2714 fuisse
1059 2650 1111 2714 vel
1131 2649 1207 2714 inde

115 2755 227 2838 elucet,
256 2756 341 2842 quod
363 2756 499 2822 aedituis
521 2756 745 2824 benemeritis
767 2759 927 2823 interdum
948 2756 1142 2841 conceditur,
1171 2766 1208 2822 ut

114 2857 279 2950 νεωκόροι
301 2858 354 2930 διὰ
382 2867 459 2944 βίου
481 2868 545 2931 sint
567 2890 574 2931 :
598 2867 638 2931 cf.
661 2889 687 2931 o.
709 2869 728 2931 i.
750 2889 777 2931 a.
807 2866 843 2931 II
870 2866 932 2931 624
960 2867 1017 2931 ool.
1039 2865 1090 2930 34.
1132 2864 1207 2932 Mit-

115 2973 281 3056 teilungen
301 2972 351 3038 VI
379 2994 409 3059 p.
441 2974 507 3038 167.
551 2973 598 3038 Le
626 2973 936 3058 Bes-Waddington
964 2974 1018 3038 ΠΙ
1047 2974 1117 3039 845.
1146 2973 1208 3039 848

116 3109 156 3136 =
187 3103 213 3146 e.
235 3083 255 3145 i.
278 3103 309 3166 g.
341 3080 414 3145 add.
443 3081 522 3146 3831
546 3103 566 3145 a
587 3082 636 3146 17.
686 3081 737 3146 Ao
768 3103 846 3146 sane
876 3103 941 3146 non
972 3102 1045 3146 raro
1077 3081 1208 3164 addunt,
1314 3120 1316 3128 ι

101 3191 264 3276 ,(Ῑιιοτὶθητ
294 3192 463 3255 neocorice
492 3211 623 3255 munere
655 3189 757 3254 functi
790 3191 864 3255 sint.
918 3190 956 3254 Ε.
986 3211 1018 3274 g.
1049 3191 1083 3254 in
1114 3190 1208 3254 titulo

118 3298 312 3364 Commanae
332 3308 470 3385 reperto,
493 3301 548 3385 qui
569 3299 672 3364 editus
693 3308 743 3363 est
759 3297 890 3384 journal
911 3298 948 3362 of
969 3297 1135 3383 philology
1156 3295 1209 3362 XI

116 3428 147 3492 p.
180 3407 257 3490 146,
296 3416 561 3472 commemoratur
592 3396 674 3492 Αὐρ.
705 3399 870 3492 Κύριλλος
900 3399 1115 3491 β’ῑνεωκόρος
1146 3409 1209 3471 τοῦ

117 3505 337 3596 Ἀπόλλωνος,
360 3517 445 3580 etin
467 3515 559 3580 titulo
581 3515 714 3580 Deliaco
738 3513 966 3597 (renarcheol.
991 3514 1069 3580 1873
1096 3534 1127 3598 p.
1151 3513 1211 3578 110

117 3643 149 3688 n.
171 3623 206 3706 5)
235 3643 332 3708 supra
359 3622 487 3687 laudato
500 3623 527 3707 ²)
556 3621 656 3687 verba
676 3624 827 3707 leguntur
847 3615 1090 3708 ζακορεύοντος
1111 3625 1211 3707 Νικψ

118 3725 229 3819 φόρου
251 3728 393 3817 ἕβδομον
419 3732 475 3797 καὶ
496 3724 714 3816 recusauerim
745 3732 785 3796 cf.
806 3731 915 3798 hullet.
939 3731 979 3796 de
1000 3753 1080 3796 corr.
1096 3728 1210 3794 hellen.

118 3840 169 3906 VI
189 3861 219 3926 p.
241 3841 303 3906 346
324 3861 355 3905 n.
376 3841 417 3904 66
439 3837 496 3905 ἐπὶ
517 3837 718 3925 ἑπιμελητοῦ
738 3844 798 3926 τῆς
818 3833 922 3926 νήσου
942 3863 971 3905 κ.
994 3862 1023 3904 τ.
1044 3841 1073 3904 λ.
1114 3843 1210 3920 goxo-

118 3942 277 4034 ρεύοντος
297 3938 440 4015 Ἑνόδου
460 3941 500 4014 τὸ
515 3937 615 4014 ,ὀκτὼ
634 3950 690 4014 καὶ
711 3948 861 4015 δέκατον.

190 4219 209 4287 ¹)
228 4222 337 4288 Ephom.
356 4223 491 4289 epigraph.
509 4225 548 4274 Ill
565 4240 589 4290 p.
612 4225 668 4287 156,

190 4312 210 4381 ¹)
230 4331 254 4382 p.
276 4321 315 4366 12.
