2966 5092
818 480 839 552 2

727 577 919 584 -----

278 707 492 770 nummorum,
523 686 578 752 sed
601 687 765 753 titulorum
786 690 925 754 maxime
953 712 994 754 ex
1020 693 1211 758 auctoritate
1240 693 1372 758 difficul-

278 804 362 861 tates
384 818 456 860 cum
476 795 537 860 hoc
558 806 746 880 argumento
770 798 955 862 coniunctas
987 799 1067 862 solvi
1089 823 1184 884 posse
1205 825 1245 866 ex
1267 801 1375 887 dispu-

277 905 399 968 tatione
419 914 530 968 nostra
551 903 678 969 abunde
700 904 845 969 elucebit.
920 940 923 944 ·

360 1010 442 1076 Cum
463 1014 630 1077 neocoriae
656 1023 765 1077 autem
787 1014 898 1096 titulo,
932 1034 995 1098 quo
1018 1015 1163 1079 civitates
1194 1017 1374 1102 complures

277 1119 376 1183 Asiae
391 1129 423 1183 et
438 1121 674 1204 provinciarum
688 1119 895 1185 finitimarum
911 1121 961 1184 vel
977 1123 1227 1208 propinquarum
1242 1135 1375 1210 propter

276 1227 346 1289 iura
368 1227 526 1312 quaedam
548 1238 580 1292 et
610 1227 713 1292 officia
733 1229 766 1292 in
790 1228 874 1292 cultu
898 1227 1073 1322 Caesarum
1102 1240 1251 1316 suscepta
1277 1233 1373 1315 glori-

275 1343 380 1416 antur,
400 1356 514 1399 munus
536 1329 717 1420 νεωκόρων
738 1335 817 1400 nihil
839 1335 906 1400 fere
928 1336 1086 1401 cohaeret.
1130 1337 1224 1416 Quod
1247 1341 1308 1403 etsi
1330 1341 1373 1404 ab

276 1465 332 1523 eo,
366 1443 450 1527 quod
483 1443 618 1508 aedituis
650 1444 867 1508 Romanorum
908 1445 1092 1510 mandatum
1132 1439 1373 1532 Marquardtins

276 1549 370 1615 docte
392 1551 564 1616 illustravit
577 1556 612 1635 ¹),
634 1575 699 1616 non
713 1553 806 1618 valde
828 1552 988 1618 diversum
1012 1564 1089 1637 erat,
1111 1565 1219 1619 tamen
1241 1555 1373 1620 difficul-

275 1668 378 1723 tatum
410 1662 634 1725 nonnullarum
670 1663 792 1746 gratia,
829 1683 910 1748 quae
946 1662 1026 1726 solvi
1058 1663 1195 1728 fortasse
1227 1675 1372 1748 possunt,
1471 1727 1472 1730 ,

276 1768 452 1851 praeterire
474 1769 641 1832 noluimus.
684 1769 766 1834 Tam
794 1771 927 1835 disiecta
956 1794 1033 1836 sane
1061 1795 1099 1836 ac
1121 1773 1276 1858 dissipata
1297 1783 1373 1838 sunt

275 1875 435 1958 membra,
472 1885 508 1940 ut
540 1878 586 1941 ita
622 1876 742 1959 dicam,
781 1900 863 1964 quae
895 1879 935 1942 ad
971 1901 1086 1964 corpus
1118 1881 1371 1967 componendum
1471 1941 1472 1946 ,

277 1984 482 2068 requirantur
504 1993 645 2069 oportet,
675 1995 711 2050 ut
732 1985 792 2050 hac
814 1985 941 2068 quidem
963 1988 1053 2051 inre
1079 1988 1157 2052 nihil
1177 2011 1229 2054 me
1250 1990 1372 2074 fugisse
1471 2011 1472 2020 ¹

274 2114 403 2177 sperare
423 2091 501 2156 mihi
527 2094 581 2156 vix
604 2093 708 2158 liccat.

810 2602 836 2667 Ι.

555 2753 610 2836 Do
637 2751 874 2872 Graecorum
901 2754 1086 2838 aedituis.

357 2914 550 3005 Νεωκόρων
571 2922 603 2984 in
634 2922 760 3006 templis
790 2923 894 2987 officia
922 2925 976 3007 qui
1005 2923 1186 2989 definienda
1215 2923 1276 2987 sibi
1297 2945 1368 3009 pro-

273 3031 374 3115 ponit,
387 3027 520 3093 eandem
535 3029 568 3092 in
583 3027 802 3095 difficultatem
817 3031 938 3116 incidit,
958 3054 1021 3118 qua
1036 3034 1090 3117 qui
1102 3033 1142 3096 de
1152 3032 1367 3095 Romanorum

273 3137 408 3202 aedituis
439 3139 506 3222 egit
535 3159 663 3223 pressus
695 3148 752 3202 est.
802 3138 944 3204 Exstant
977 3140 1061 3202 onim
1093 3138 1133 3201 de
1164 3139 1308 3222 utrisque
1337 3147 1368 3202 et

273 3247 464 3331 scriptorum
495 3259 526 3310 et
561 3244 703 3331 lapidum
736 3249 921 3312 testimonia
954 3267 1018 3309 non
1048 3267 1168 3330 pauca,
1201 3245 1256 3309 sed
1288 3246 1366 3311 adeo

273 3352 417 3419 diversus
440 3365 488 3418 est
506 3376 623 3433 eorum,
647 3356 702 3440 qui
717 3354 836 3420 aeditui
858 3357 926 3420 sive
946 3347 1119 3440 νεωκόρου
1140 3354 1251 3418 officiis
1266 3354 1367 3418 functi

273 3484 343 3526 esse
373 3462 539 3545 dicuntur,
570 3463 603 3526 in
625 3465 694 3526 vita
714 3463 821 3548 locus,
849 3473 915 3527 tam
936 3464 1027 3527 varia
1054 3484 1208 3527 neocoros
1238 3462 1366 3547 quidem

272 3571 413 3654 singulos
428 3572 560 3655 negotia
574 3573 714 3654 gessisse
730 3573 950 3656 comperimus,
972 3580 1008 3635 ut
1023 3571 1242 3635 condicionem
1258 3591 1366 3633 eorum

272 3700 368 3742 unam
389 3679 508 3765 ubique
530 3678 728 3764 eandemque
749 3681 848 3745 fuisse
862 3690 918 3745 aut
938 3682 1095 3744 mansisse
1111 3679 1197 3744 credi
1218 3687 1364 3763 nequeat.

355 3785 460 3866 Quam
481 3786 702 3851 difficultatem
729 3789 915 3874 priusquam
937 3790 1061 3854 solvere
1083 3808 1251 3869 conemur,
1285 3807 1365 3870 quae

271 3893 391 3959 fuerint
411 3916 554 3979 munera,
578 3894 694 3980 quibus
716 3895 845 3980 quidem
866 3895 961 3971 hodie
974 3917 1129 3961 neocoros
1150 3893 1277 3958 functos
1297 3915 1365 3958 esse

271 4005 417 4087 sciamus,
439 4002 695 4068 demonstremus
719 4012 854 4089 oportet.

273 4177 469 4184 ———.——-.-.

343 4285 362 4352 ¹)
382 4285 413 4334 do
435 4286 612 4338 Romanorum
640 4286 771 4350 aedituis,
796 4286 824 4337 in
852 4291 1019 4338 commentat.
1045 4285 1073 4336 in
1096 4285 1186 4336 honor.
1211 4280 1363 4336 Mommsani

272 4388 297 4438 p.
317 4373 366 4422 378
385 4385 422 4436 sq.
459 4372 493 4422 cs.
512 4373 770 4438 Staatsvorwaltung
788 4373 826 4422 111
844 4389 870 4439 p.
890 4376 939 4422 214
957 4387 994 4437 sq.
