2966 5092
769 461 809 530 28

245 665 456 734 Commodum
488 653 594 751 gratia
619 667 755 732 valuerit
782 675 818 732 ut
844 666 1055 748 demonstret,
1087 658 1141 732 διὰ
1161 669 1265 734 τοῦτο
1286 669 1333 732 in·

244 777 313 863 quit
341 777 397 841 xol
426 773 459 841 οἱ
487 768 685 861 Νικομηδὲῑς
713 777 769 842 καὶ
806 763 919 861 ἀγῶνα
947 765 1039 859 ἄγειν
1071 775 1127 840 καὶ
1156 768 1244 842 νεὼν
1272 781 1334 843 τοῦ

242 877 425 970 Κομμόδου
452 877 658 970 ποιήσασθαι
685 877 777 969 παρὰ
805 888 863 970 τῆς
888 886 1010 968 βουλῆς
1040 879 1160 964 ἔλαβον
1173 883 1207 962 ¹).
1252 883 1334 950 Cum

243 1001 349 1058 autem
379 991 568 1059 Nicomedia
598 994 747 1058 neocoria
788 992 922 1078 simplici
960 1001 1056 1057 antea
1087 1001 1201 1058 ornata
1234 994 1334 1079 ipsius

244 1100 411 1166 Commodi
442 1101 475 1165 in
502 1103 639 1166 nummis
672 1102 821 1166 neocoria
849 1100 967 1187 duplici
995 1101 1125 1185 gloriari
1151 1101 1333 1187 incipiatl),
1452 1100 1455 1109 '

243 1210 319 1296 quin
341 1208 382 1274 ad
403 1209 536 1274 alteram
557 1211 739 1274 neocoriam
761 1210 789 1274 ei
811 1229 993 1274 concessam
1013 1207 1113 1274 verba
1124 1209 1240 1275 Dionis
1261 1231 1332 1295 per·

241 1318 382 1383 timerent
402 1339 495 1383 nemo
517 1316 622 1382 adhuc
641 1317 809 1383 dubitavit.

323 1425 401 1491 Tria
433 1428 532 1511 igitur
568 1427 707 1491 maxime
740 1426 782 1491 ad
820 1434 1012 1512 potestatem
1047 1428 1213 1492 neocoriae
1249 1427 1336 1493 tituli

242 1534 376 1620 gerendi
390 1537 571 1600 necessaria
591 1557 659 1600 esse
672 1535 845 1600 videntur:
867 1535 942 1620 ludi,
965 1536 1118 1622 templum
1139 1544 1336 1622 senatusque

242 1643 430 1728 consultum,
463 1665 525 1730 quo
550 1651 721 1730 utrumque
742 1643 955 1710 confirmetur.
998 1643 1093 1724 Quod
1114 1643 1184 1709 aliis
1206 1666 1336 1730 quoque

242 1753 395 1838 exemplis
417 1751 631 1817 confirmatur.
674 1752 714 1816 Ε.
726 1774 758 1836 g.
774 1751 936 1838 Cyziceni,
959 1753 1013 1838 qui
1027 1751 1102 1817 inde
1112 1750 1154 1817 ab
1166 1751 1335 1818 Hadriano

241 1861 390 1926 neocoria
414 1861 517 1925 ornati
539 1859 737 1944 videntur³),
768 1859 925 1926 Hadriani
955 1859 1108 1946 templum
1135 1869 1336 1926 exstructum

241 1967 391 2034 habuisse
401 1968 429 2054 ⁴)
462 1977 495 2033 et
525 1967 712 2033 Hadrianou
743 1967 894 2054 Olympia
925 1968 1135 2034 celebravisse
1146 1968 1173 2053 ὁ)
1205 1970 1335 2036 scimus.

241 2077 380 2145 Senatus
401 2075 530 2163 quidem
550 2077 687 2142 consulti
701 2075 763 2140 huc
784 2077 974 2162 pertinentis
994 2078 1114 2142 mentio
1129 2099 1194 2142 non
1207 2076 1254 2162 fit,
1276 2079 1336 2144 sed

241 2185 411 2271 Smyrnaei
445 2185 619 2250 secundum
654 2185 978 2270 senatusconsultum,
1014 2207 1077 2270 quo
1116 2186 1166 2251 bis
1204 2188 1337 2252 neocori

240 2293 318 2359 facti
350 2294 432 2378 sint,
463 2295 483 2358 i.
506 2316 533 2360 e.
564 2315 627 2381 quo
659 2295 809 2360 neocoria
839 2316 898 2360 sua
928 2294 1031 2360 altera
1062 2294 1250 2363 confirmata
1280 2299 1335 2380 sit,

240 2401 406 2468 Hadriano
436 2413 565 2467 auctore
594 2425 663 2468 sese
691 2401 868 2468 obtinuisse
895 2403 928 2467 in
953 2404 1046 2468 titulo
1078 2425 1175 2489 supra
1202 2405 1335 2471 laudato

241 2533 267 2575 c.
290 2512 309 2575 i.
333 2532 363 2595 g.
386 2510 468 2575 3148
491 2511 697 2594 testanturl).
740 2511 818 2576 Tria
847 2519 954 2576 autem
979 2511 1058 2576 haec
1082 2513 1250 2578 neocoriae
1271 2514 1334 2580 ele·

239 2627 356 2702 menta,
371 2626 407 2682 ut
420 2619 467 2683 ita
481 2617 595 2702 dicam,
615 2628 763 2704 separata
778 2628 975 2704 pertractare
988 2628 1099 2706 aptum
1113 2642 1182 2686 esse
1195 2619 1333 2687 videtur.

240 2729 291 2794 Ac
311 2729 449 2817 primum
473 2725 693 2793 disserendum
714 2729 775 2793 erit
795 2727 836 2794 de
856 2731 991 2817 templis.

746 2915 776 2994 e.
800 2913 828 2977 1.

354 3048 404 3114 Dc
424 3049 650 3137 imperatorne
671 3047 706 3112 ia
727 3019 905 3113 ciuitcmbus
925 3048 1064 3114 auoceris
1085 3047 1218 3135 temptes.

323 3181 494 3248 Dubitavit
512 3181 686 3248 Eckhelius
707 3203 784 3246 num
805 3182 960 3265 civitates,
982 3182 1130 3267 quotiens
1151 3183 1335 3248 neocoriam

240 3293 455 3376 instituerent,
467 3313 586 3357 novum
599 3293 753 3378 templum
768 3289 938 3356 aedificare
948 3291 1125 3376 oportuerit
1132 3290 1168 3375 l).
1190 3290 1335 3358 Haerere

311 3531 331 3598 ¹)
349 3533 449 3583 LXXII
470 3536 509 3596 12,
530 3535 551 3582 2.

309 3615 331 3685 ¹)
349 3617 452 3669 Eclrhel
468 3619 496 3670 11
513 3620 570 3669 est.

309 3703 331 3769 ⁸)
350 3705 384 3755 cl.
401 3703 504 3754 Eckhcl
521 3705 547 3754 11
565 3720 590 3771 p.
609 3704 668 3755 454.

308 3790 330 3857 ⁴)
349 3791 382 3842 ef.
400 3791 462 3842 Joh.
481 3791 571 3842 Mslsl.
595 3808 620 3859 p.
639 3792 689 3842 279
710 3791 807 3853 Bonn.;
832 3790 999 3857 Marquardt,
1024 3788 1138 3856 Cynicus
1162 3805 1187 3840 n.
1207 3787 1264 3839 asin
1281 3789 1333 3840 Ge-

241 3876 296 3929 bist
312 3893 337 3944 p.
358 3879 420 3940 1503
437 3877 539 3942 Perrot,
557 3893 611 3929 rev.
630 3873 745 3929 arohdol.
764 3876 802 3927 IX
819 3892 845 3942 p.
863 3876 919 3927 850.

308 3961 331 4029 ὃ)
350 3963 384 4014 et.
401 3962 504 4014 Eclrhsl
521 3963 538 4013 l.
557 3963 574 4013 l.

309 4045 331 4115 ‘)
350 4047 516 4113 Eelrhelium,
534 4049 581 4116 qni
599 4065 686 4101 errore
704 4050 783 4102 renis
802 4049 882 4116 digno
899 4048 967 4099 illud
985 4045 1028 4112 δίς
1045 4048 1072 4098 in
1085 4047 1137 4098 hoo
1149 4046 1227 4098 titulo
1245 4045 1335 4098 omisit

242 4134 279 4202 (11
297 4131 367 4200 559),
389 4150 474 4200 aequo
493 4134 647 4202 diligentius
666 4142 775 4189 secutus
792 4138 940 4187 Moncsaux
963 4133 1033 4185 idem
1057 4139 1150 4201 peccat
1167 4149 1199 4185 ac
1216 4131 1333 4185 secundo

242 4222 471 4272 senatusconsulto
490 4222 641 4274 neocoriam
659 4223 771 4290 primam
796 4221 977 4273 confirmatam
1000 4235 1057 4272 esse
1081 4236 1135 4272 non
1157 4220 1226 4271 male
1249 4217 1333 4285 suspi-

242 4311 318 4358 catur
336 4305 365 4372 (1.
383 4307 401 4358 l.
419 4323 444 4374 p.
465 4306 515 4373 14).

310 4389 331 4459 ⁷)
349 4393 383 4444 D.
401 4393 431 4444 N.
451 4393 487 4443 1v
505 4409 530 4460 p.
549 4396 606 4444 304.
664 4414 667 4420 ·
708 4413 710 4420 ,
