2966 5092
837 467 857 534 6

746 557 942 566 -——-—

298 667 454 754 appellari
474 669 579 735 solent
591 670 628 755 1).
670 669 761 736 Idem
783 680 869 736 certe
889 671 927 736 fit
952 671 984 733 in
1014 670 1122 752 titulo,
1151 689 1246 754 quem
1267 666 1396 734 Strato-

296 777 406 841 niceae
433 787 595 862 repertum
625 777 793 844 ediderunt
824 777 1178 863 DesohampsOousin,
1213 775 1320 841 bullet.
1351 775 1396 840 de

297 906 376 949 corr.
399 885 511 951 hellen.
537 887 614 952 1887
637 909 667 972 p.
689 887 761 952 387.

394 999 445 1090 'ng
465 1004 619 1096 ζακόρων
639 1004 790 1097 ζάκορσς,
812 989 1007 1096 φιλότειμός
1029 1033 1066 1076 τε
1089 1010 1126 1076 ἐκ
1147 1011 1363 1095 φιλοτελμων,

396 1116 534 1184 Αἰνείου
554 1112 701 1203 μεγάλου
720 1121 777 1184 καὶ
798 1121 984 1204 Παυλείνης
1006 1120 1102 1202 φίλος
1124 1111 1206 1198 υἱὸς,

394 1227 475 1311 Ζηνὶ
496 1228 694 1312 Πανημερὶφ
715 1217 836 1312 ὑπάτω
856 1221 1051 1312 μεγάθυμος
1072 1218 1185 1292 Ἰάσων

391 1323 528 1418 Ἂμμιγα
550 1336 706 1418 Πυθιανῇ
726 1339 921 1421 περικαλλεῖ
938 1339 979 1419 τῇ
999 1328 1192 1420 συνομεάνφ

391 1432 494 1507 Ἑπτὰ
517 1438 574 1528 ἔτη
595 1435 771 1527 φιλότειμα
792 1425 945 1527 Κομύρια
967 1436 1091 1527 θύματ’
1115 1440 1234 1527 ἔρεξεν,

396 1550 517 1627 Δαῑτας
537 1549 610 1626 ἴσας
629 1551 788 1636 παρέχων
807 1545 913 1638 Ζηνὸς
933 1556 1105 1632 βουλαῖσιν
1125 1540 1238 1616 Ἰάσων

395 1651 472 1742 Σὺμ
493 1659 586 1742 φιλλγγ
606 1651 695 1744 τήθῃ
716 1683 745 1724 κ.
767 1682 796 1724 τ.
819 1663 847 1725 λ.

398 1767 569 1847 Θεοφανεῑ
586 1789 624 1831 τε
645 1760 844 1853 κασιγνήτῳ,
867 1760 1000 1853 ζακόρῳ
1020 1759 1061 1831 τὸ
1083 1767 1163 1852 πρὶν
1184 1757 1285 1851 ἁγνῷ,

396 1874 520 1939 Δῶκεν-
533 1870 570 1958 ii]
590 1879 702 1964 κατρᾷ
724 1868 863 1962 δηνάρια
884 1869 983 1961 μύρια
1006 1865 1118 1941 Ἰάσων
1174 1939 1177 1942 .

394 2005 424 2046 κ.
446 2004 474 2046 τ.
498 1985 526 2046 λ.

380 2098 452 2179 Quo
473 2098 543 2162 loeo
566 2120 637 2163 cum
658 2091 801 2185 ζάκορος
822 2099 855 2163 in
878 2099 965 2164 cultu
985 2092 1063 2176 Διὸς
1084 2099 1297 2186 Πανημερλου
1318 2121 1392 2164 nus·

297 2228 395 2294 quam
417 2216 691 2290 commemoretur,
714 2207 912 2272 sacerdotem
930 2209 1055 2293 poetice
1076 2203 1213 2272 zaooron
1228 2208 1393 2293 appellari,

297 2316 352 2401 qui
373 2315 500 2380 titulum
522 2315 707 2400 ediderunt,
736 2318 953 2402 suspicantur,
982 2339 1043 2381 nec
1069 2339 1147 2382 vero
1176 2317 1313 2382 reticent
1335 2339 1394 2401 per

191 2472 194 2478 .
297 2431 421 2508 septem
442 2445 544 2488 annos
566 2423 744 2489 sacerdotio
766 2447 959 2510 quemquam
980 2425 1125 2490 functum
1148 2447 1216 2490 esse
1231 2447 1270 2489 ex
1291 2425 1392 2488 titulis

296 2530 404 2596 multis
425 2554 445 2596 a
466 2554 501 2597 se
522 2534 657 2618 repertis
689 2532 901 2598 demonstrari
929 2555 994 2597 non
1024 2555 1127 2619 posse.
1175 2533 1256 2600 Cum
1285 2543 1392 2597 autem
1470 2611 1471 2628 ρ

296 2640 425 2704 necoori
446 2641 479 2704 in
500 2641 549 2704 his
577 2641 678 2705 titulis
700 2652 991 2706 commemorentur
1002 2642 1039 2726 ςλ,
1067 2641 1217 2707 Iasonem
1244 2643 1393 2706 neocoria

297 2770 354 2833 per
375 2759 499 2834 septem
520 2771 621 2813 annos
650 2748 794 2813 functum
824 2751 856 2813 in
885 2749 934 2814 his
956 2751 1099 2815 versibus
1127 2772 1264 2815 zacoron
1285 2751 1391 2836 appel-

297 2858 357 2922 lari
377 2857 477 2922 multo
501 2858 569 2921 veri
591 2858 723 2922 similius
744 2857 879 2922 videtur.

381 2964 473 3046 Quae
487 2986 559 3030 oum
575 2966 620 3030 ita
635 2966 708 3048 sint,
730 2965 838 3030 verbis
849 2965 994 3031 Thomae
1007 2967 1153 3050 magistri
1168 2989 1192 3030 s.
1205 2989 1234 3030 v.
1251 2958 1391 3052 ζάκορος

235 3102 237 3108 ’
296 3111 338 3121 -
364 3067 507 3159 ζάκορος
535 3075 592 3139 καὶ
620 3066 789 3158 νεωκόρος
818 3073 985 3160 διαφέρει·
1018 3065 1120 3160 ὁγὰρ
1149 3067 1292 3160 ζάκορος
1319 3092 1390 3158 σεμ-
1468 3131 1469 3134 ,

296 3176 439 3269 νάτερόν
472 3207 506 3248 τι
536 3168 578 3268 ἦν
608 3174 781 3268 νεωκόρου
813 3204 878 3246 non
913 3204 1065 3266 magnam
1097 3182 1193 3248 fidem
1228 3182 1389 3248 habemus.

299 3292 415 3358 Ornati
437 3292 566 3378 quidem
588 3300 679 3356 erant
700 3292 805 3355 nacori
829 3290 988 3355 nonnullis
1004 3292 1037 3355 in
1052 3291 1179 3376 templis
1202 3292 1390 3356 auctoritate

299 3472 496 3480 ...β-σ-

367 3580 386 3649 ¹)
406 3581 569 3633 Testimonia
594 3581 703 3647 collegit
721 3583 822 3634 Dessau
843 3598 864 3633 c.
878 3583 895 3632 i.
909 3583 925 3632 l.
943 3583 1007 3633 XIV
1025 3587 1064 3632 47.
1085 3583 1118 3632 cf.
1141 3585 1195 3633 188.
1232 3581 1306 3644 Quae
1331 3597 1389 3632 cum
1453 3553 1457 3562 ‚

297 3669 335 3721 ita
353 3668 418 3733 sint,
447 3668 475 3717 in
492 3668 614 3719 versibus
637 3668 690 3718 illis
716 3669 796 3719 verba
823 3662 891 3737 ἔργα
914 3670 1069 3738 νεωκορίης
1089 3685 1142 3719 non
1167 3668 1252 3719 solum
1276 3668 1309 3718 ad
1332 3667 1389 3718 illos
1466 3689 1467 3698 ι

297 3754 347 3808 δύο
364 3757 414 3821 τῆς
432 3751 519 3822 αὐτῆς
535 3757 646 3821 γενεῆς,
674 3755 720 3804 sed
742 3755 820 3804 etiam
842 3755 876 3805 ed
894 3755 1051 3806 Dioscorum
1069 3761 1096 3805 et
1113 3754 1230 3805 Eunetin
1254 3754 1389 3805 referenda

297 3845 366 3892 sunt.
402 3839 470 3890 Aliis
494 3855 600 3905 quoquo
625 3840 691 3891 locis
720 3841 828 3892 neocori
850 3841 982 3908 Serapidis
1009 3840 1137 3907 religione
1160 3841 1332 3906 funguntur:
1355 3841 1386 3890 cf.

298 3941 319 3977 c.
339 3926 355 3977 i.
374 3942 400 3993 g.
418 3929 494 3976 4724.
515 3927 641 3978 5912-4.
678 3926 788 3989 Kaibel,
817 3927 897 3993 epigr.
926 3942 1013 3993 graec.
1037 3931 1115 3978 824a.
1152 3926 1248 3977 Bullot.
1272 3927 1304 3977 de
1325 3941 1387 3976 corr.

296 4014 359 4065 hell.
384 4013 420 4064 VI
445 4029 470 4080 p.
497 4015 530 4063 24
556 4014 606 4065 eol.
631 4016 686 4065 196.
729 4014 809 4065 Ilirm.
833 4015 983 4076 Maternus,
1014 4015 1046 4065 de
1074 4030 1162 4065 errore
1188 4014 1290 4080 profan.
1317 4013 1386 4080 relig.
1465 4021 1466 4042 ι

298 4115 320 4150 c.
343 4101 381 4163 1³,
401 4102 417 4148 4
436 4099 475 4150 ed.
495 4100 582 4150 Halm.
619 4102 678 4152 Uno
697 4101 783 4153 solum
801 4101 829 4151 in
847 4101 925 4152 titulo
944 4117 966 4152 c.
980 4100 996 4150 i.
1009 4118 1034 4167 g.
1050 4103 1118 4151 4470
1136 4100 1281 4151 Laodiceae
1300 4099 1387 4165 Syriae

297 4190 400 4251 reperto
443 4183 633 4254 ἀρχιζάκορος
668 4181 829 4254 Σεράτιιδας
867 4187 1066 4239 commemorari
1102 4187 1208 4238 videtur
1247 4184 1387 4252 (exemplar

297 4271 408 4338 praebet
424 4273 716 4340 APXINAKOPOY).

367 4362 387 4429 ⁸)
406 4366 459 4416 l.l.
477 4382 501 4432 p.
522 4368 579 4418 876.
