2966 5092
196 1703 324 1768 Rationi
344 1712 442 1790 atque
463 1704 594 1768 oonsilio
621 1703 668 1768 illi
691 1702 866 1768 Caesarum
893 1703 1099 1768 consecrandi
1121 1709 1207 1792 prin-

114 1812 201 1895 cipes
226 1822 368 1876 mortuos
396 1833 478 1896 quae
499 1813 713 1877 venerationis
743 1811 866 1879 formae
896 1811 1073 1877 debeantur
1095 1837 1207 1880 cuma

112 1917 328 2004 compluribus
350 1921 414 1987 iam
436 1921 518 1984 euris
544 1919 714 1984 subtilibus
736 1922 915 2005 quaesitum
945 1922 995 2001 sit,
1019 1921 1058 1986 de
1079 1925 1207 2007 provin·

113 2027 240 2091 oialium
267 2027 450 2092 adulatione
480 2027 521 2091 ab
553 2027 639 2092 uultu
669 2027 813 2092 Romano
844 2029 949 2094 aliena
974 2031 1076 2096 rarius
1105 2031 1210 2096 adhuc

113 2157 218 2220 neque
250 2157 375 2218 semper
414 2135 549 2200 feliciter
580 2143 688 2198 actum
720 2145 778 2199 est.
833 2135 976 2203 Orientis
1007 2140 1146 2204 maxime
1176 2141 1210 2204 in

115 2244 286 2328 provinciis
307 2243 459 2328 pleraque
487 2242 554 2308 fere
582 2252 657 2307 sunt
682 2243 843 2326 ambigua.
887 2243 992 2310 Unius
1015 2247 1150 2330 quidem
1163 2249 1210 2312 rei

113 2350 176 2414 huo
207 2351 396 2434 pertinentis
428 2387 470 2397 —
500 2352 668 2416 neocoriae
704 2342 832 2437 titulum
871 2351 942 2416 dieo
974 2375 994 2417 a
1026 2355 1209 2420 civitatibus

114 2458 305 2544 quibusdam
326 2459 359 2523 in
381 2458 539 2543 lapidibus
561 2481 599 2523 ae
624 2461 762 2524 nummis
784 2470 912 2543 gestum
931 2498 972 2508 -
994 2464 1151 2548 principia
1171 2486 1209 2528 ao

113 2566 254 2629 rationes
277 2565 403 2630 Krause
432 2566 544 2630 melius
567 2588 663 2656 quam
683 2566 859 2631 Eokhelius
876 2567 900 2651 ¹)
932 2571 1133 2654 perspexisse
1153 2573 1209 2636 ali-

115 2672 242 2758 quando
279 2673 341 2742 sibi
375 2672 544 2738 videbatur
563 2675 599 2758 ²).
656 2673 721 2740 Sed
758 2676 812 2760 qui
852 2686 963 2740 nostra
997 2687 1104 2743 aetate
1139 2700 1210 2743 eam

115 2783 291 2865 attigerunt
303 2781 348 2866 ³),
381 2804 484 2868 neque
515 2784 549 2846 in
570 2781 701 2846 Krausii
733 2785 883 2868 opinione
914 2786 1143 2870 acquieverunt
1178 2796 1210 2851 et

116 2891 289 2954 sententias
304 2891 504 2974 protulerunt
518 2890 598 2954 adeo
614 2891 699 2956 inter
713 2913 748 2956 se
763 2892 916 2975 diversas,
938 2902 974 2956 ut
989 2895 1210 2979 quaestionem

115 2997 154 3061 ab
169 3019 206 3062 eo
222 2997 360 3061 solutam
372 3019 442 3065 esse
454 2997 539 3062 oredi
550 3009 698 3083 nequeat.
720 2999 751 3064 N
755 3022 795 3063 on
810 3001 922 3065 inutile
932 3001 1031 3084 igitur
1041 3001 1210 3066 videbatur

115 3115 289 3170 retractare
309 3107 485 3188 materiam,
507 3108 696 3190 praesertim
717 3128 790 3171 oum
810 3109 977 3173 titulorum
1000 3110 1091 3195 eopia
1106 3111 1209 3194 magis

117 3213 149 3276 in
170 3212 254 3278 diem
275 3213 426 3279 affluente
448 3215 543 3280 latius
558 3216 651 3280 nobis
666 3226 792 3301 pateret
813 3227 1009 3302 prospectus.
1053 3217 1114 3284 His
1135 3240 1208 3282 oon·

119 3319 167 3384 fisi
205 3324 378 3407 perieulum
418 3322 495 3387 illud
534 3345 631 3409 quam
670 3325 809 3388 maxime
846 3325 968 3389 evitare
1003 3325 1209 3406 studebimus,

119 3429 201 3515 quod
220 3452 421 3508 nummorum
446 3432 618 3516 imperitis,
648 3452 783 3516 quorum
813 3453 855 3496 ex
883 3454 1015 3498 numero
1046 3456 1210 3519 emergere

118 3539 234 3603 frustra
254 3539 358 3604 adhuc
379 3538 570 3618 studuimus,
590 3540 623 3603 in
645 3539 755 3605 haere
772 3541 926 3605 imminet.
970 3540 1120 3607 Ceterum
1143 3564 1209 3608 non

184 3795 204 3863 ¹)
223 3795 343 3847 doctrina
365 3813 534 3848 nummorum
551 3799 589 3850 IV
607 3814 632 3864 p.
653 3801 699 3851 291
721 3815 758 3865 sq.
797 3799 953 3864 Veteriores,
971 3800 1017 3866 qui
1035 3800 1067 3851 ds
1085 3802 1208 3853 neoooria

117 3893 233 3950 egerunt,
251 3883 290 3934 ibi
307 3884 485 3936 nominantur.

182 3964 204 4032 ³)
222 3968 248 4018 J.
267 3969 301 4018 H.
320 3970 432 4033 Krousa,
452 3970 734 4040 Nsoxdooc,12ipsiae
755 3977 828 4024 1844.

184 4051 205 4119 ο)
224 4055 258 4106 of.
276 4055 500 4121 Prsllsr-Jordan,
519 4060 608 4109 Roem.
627 4059 740 4126 Mythol
760 4061 787 4109 11
809 4077 834 4126 p.
854 4062 912 4112 451.
947 4062 1102 4125 Mommsen,
1120 4062 1210 4112 Roem.

119 4138 275 4213 Gesolriobte
292 4142 316 4191 V
339 4159 365 4208 p.
383 4145 448 4220 319..
482 4145 653 4210 Marquardt,
679 4147 965 4212 Staatsverwaltungl
989 4163 1013 4213 p.
1032 4149 1090 4198 504.
1131 4147 1211 4198 Pallu

118 4225 148 4276 de
174 4225 293 4293 Lessert,
320 4229 450 4296 l’Afrique
477 4231 604 4282 Romaine
631 4231 718 4296 (Paris
745 4232 822 4298 1884)
851 4249 875 4299 p.
900 4235 932 4285 19
960 4231 1210 4299 („question·pleine

119 4311 326 4381 d'obsourit6s“).
358 4318 522 4382 Monoeaux,
546 4317 578 4368 de
602 4318 737 4368 communi
753 4318 832 4370 Asiae
855 4319 1009 4385 provinciae
1028 4318 1113 4385 (Paris
1133 4321 1249 4448 medi*

1188 4452 1229 4488 J.

120 4414 141 4464 r·
161 4404 190 4450 1⁷
211 4415 266 4466 sun·
1469 4437 1477 4480 i

992 4511 1009 4572 1
