2966 5092
640 496 682 563 23

187 695 259 765 Sed
281 698 315 762 iu
336 699 552 764 monumentis
572 697 716 784 publicis,
737 699 823 786 quod
845 699 973 787 quidem
989 698 1204 766 hodievidsa·

103 827 194 889 mus,
229 806 326 872 huius
358 809 524 874 numinum
556 808 725 872 neoooriae
757 829 822 873 non
853 817 929 875 ante
958 808 1055 874 finem
1087 809 1205 874 saoeuli

102 937 133 999 p.
158 914 238 981 Chr.
274 915 406 981 seeundi
437 917 557 981 mentio
588 915 634 980 fit.
686 915 808 982 Contra
840 915 1015 982 Caesarum
1041 910 1206 1004 νεωκόροι

102 1025 257 1090 civitates
287 1023 459 1090 nonnullae
490 1024 554 1089 iam
585 1024 686 1090 mullo
720 1033 797 1090 ante
834 1025 962 1110 publiea
994 1024 1205 1111 appellantur.

102 1131 151 1198 Ut
173 1131 312 1218 Ephesii
333 1133 366 1197 in
388 1132 490 1197 titulis
513 1130 654 1216 duobus,
689 1133 743 1218 qui
766 1133 922 1198 Antonini
944 1133 995 1198 Pii
1024 1134 1123 1220 aetati
1151 1133 1206 1199 do-

102 1239 241 1323 bantur,
279 1261 414 1327 quorum
448 1241 584 1306 alterum
619 1239 719 1305 edidit
752 1241 788 1306 Ο.
824 1240 954 1314 Curtius
987 1240 1125 1306 Hermes
1156 1239 1205 1306 IV

101 1370 133 1434 p.
158 1349 221 1414 187
257 1349 311 1435 (=
334 1347 451 1433 Wood,
483 1338 676 1414 disooveries
707 1349 845 1435 append.
867 1349 952 1415 VIII
976 1349 1029 1434 12)
1150 1350 1207 1416 καὶ

102 1446 346 1545 αὕ[τοκράτορι
370 1463 401 1524 Τ.
425 1455 545 1544 Αἰλί]ῳ
565 1447 724 1543 Ἀδριανῷ
745 1449 950 1545 Ἀντωνείνῳ
978 1460 1122 1545 Καίσαρι
1142 1463 1206 1525 Σε-

101 1570 222 1652 βαστῷ
244 1556 387 1649 Εὐσεβεῖ
405 1567 461 1632 καὶ
481 1570 524 1650 τῇ
542 1559 662 1651 πρώτῃ
686 1568 742 1632 καὶ
762 1569 899 1652 μεγίστῃ
918 1559 1126 1655 μητροπόλει
1147 1571 1206 1653 τῆς

101 1662 212 1752 Ἀσίας
240 1675 297 1740 καὶ
324 1674 375 1751 δὶς
402 1667 584 1761 νεωκόρΙῳ]
614 1677 685 1740 τῶν
714 1679 899 1756 Σεβαστῶν
920 1665 1088 1759 Ἐφεσίων
1107 1669 1207 1742 πόλει

101 1805 132 1846 κ.
163 1805 195 1848 τ.
227 1786 256 1847 λ.
301 1781 341 1846 ef.
372 1781 497 1864 Wood,
529 1780 606 1846 ibid.
637 1782 774 1868 append.
796 1782 846 1848 Vl
876 1785 905 1850 7.
949 1784 1096 1867 Curtius,
1128 1783 1205 1849 ibid.

102 1911 133 1974 p.
159 1889 233 1956 186.
277 1889 450 1956 Praeterea
478 1889 564 1976 quod
593 1889 764 1976 Smyrnaei
793 1892 826 1956 in
854 1892 948 1958 titulo
979 1915 1005 1957 o.
1027 1893 1048 1957 i.
1070 1913 1102 1978 g.
1124 1891 1207 1958 3148

102 1999 190 2064 inter
222 1996 381 2064 beneficia
400 1996 559 2064 Hadriani
588 2008 777 2064 enumerant
808 1991 970 2087 δεύτερον
996 1993 1101 2086 δόγμα
1131 2017 1207 2067 συν-

101 2100 244 2193 κλήτου,
264 2105 344 2172 καθ’
366 2092 385 2171 ὃ
407 2105 458 2182 ou
477 2098 642 2192 νεωκόροι
662 2100 860 2192 γεγόναμεν,
888 2117 963 2194 post
990 2129 1102 2174 vooem
1124 2131 1204 2175 νεω

102 2209 204 2302 κόροι
227 2214 327 2281 verba
346 2217 417 2280 τῶν
438 2217 622 2295 Σεβαστῶν
650 2214 872 2281 subaudienda
901 2237 972 2281 esse
1000 2215 1206 2282 manifestum

103 2333 163 2389 est.
209 2322 296 2390 Nam
323 2332 361 2388 ut
390 2323 503 2386 eivitas
531 2323 699 2408 quaepiam
729 2325 869 2389 numinis
905 2326 954 2390 eui
983 2326 1099 2390 summi
1126 2347 1207 2392 νεω

102 2424 212 2518 κόρον
234 2453 305 2496 sese
325 2430 500 2514 dimicaret,
522 2433 796 2498 senatusconsulto
818 2455 899 2518 opus
922 2455 988 2498 non
1003 2432 1104 2498 fuisse
1123 2434 1207 2499 inter

104 2561 220 2606 omnes
247 2548 374 2606 constat
396 2539 451 2622 (of.
474 2540 602 2607 titulum
623 2539 837 2626 Ephesiaeum
858 2541 953 2608 modo
975 2540 1155 2626 laudatum)
1169 2543 1206 2626 ¹).

103 2647 289 2736 Tetigimus
320 2657 428 2715 autem
457 2646 707 2736 Smyrnaeorum
737 2649 831 2716 titulo
859 2649 956 2718 allato
987 2649 1207 2716 difficultatem

103 2757 138 2822 in
160 2757 225 2824 hao
244 2778 280 2822 re
300 2777 466 2822 summam.
499 2756 636 2824 Perraro
652 2757 739 2822 enim
764 2758 910 2824 civitates
933 2758 1021 2824 ouius
1043 2759 1207 2826 ministras

104 2864 277 2934 neocoriae
304 2865 396 2930 titulo
425 2873 553 2950 sumpto
582 2885 653 2930 seso
682 2864 894 2952 profiteantur
921 2865 1061 2951 addunt,
1097 2875 1136 2932 ut
1165 2865 1208 2933 ad

105 2975 276 3040 numinum
297 2993 340 3036 an
362 2970 536 3036 Caesarum
560 2973 704 3058 quemvis
734 2994 845 3038 eorum
875 2975 1025 3040 neocoria
1046 2975 1208 3060 pertineat

107 3103 208 3168 saepe
238 3080 425 3166 ambiguum
453 3101 523 3145 esse
547 3079 702 3146 videatur.
746 3080 785 3146 E.
808 3102 840 3166 g.
862 3082 896 3146 in
916 3102 1047 3146 nummo
1068 3081 1207 3150 Neronis

107 3187 153 3254 M.
177 3189 284 3256 Acilio
306 3189 423 3254 Aviola
443 3188 633 3276 proconsule
655 3189 857 3274 consignato,
877 3190 910 3254 in
930 3211 993 3276 quo
1008 3190 1113 3276 prima
1133 3212 1208 3256 neo·

109 3299 216 3364 coriae
231 3297 362 3383 eiusque
371 3296 586 3384 Ephesiorum
599 3297 719 3364 mentio
736 3295 833 3364 obvia
847 3307 897 3364 est
918 3297 1054 3384 (Νέρων
1067 3301 1207 3386 Καῖσαρ.

106 3405 154 3491 Rl.
185 3394 346 3473 Ἆουιόλα.
381 3394 581 3472 ἀνθυπάτω.
618 3404 808 3492 Αἰχμοκλῆς
844 3394 912 3488 ho.
942 3399 1149 3492 νεωκόρων.)
1170 3407 1207 3511 ²),

106 3522 216 3578 utrum
228 3511 451 3596 Augustorum
472 3534 513 3577 an
525 3511 652 3578 Dianae
672 3505 843 3599 νεωκόρος
859 3513 1009 3600 Ephesus
1030 3515 1210 3602 appelletur

108 3619 286 3686 diiudicare
307 3619 438 3685 difficile
457 3619 592 3686 videtur.
635 3619 817 3706 Eokhelius,
839 3623 894 3707 qui
912 3621 995 3687 hano
1009 3644 1078 3688 rem
1098 3625 1210 3710 paucis

107 3729 316 3815 pereurrit³),
348 3728 475 3814 quando
502 3728 648 3794 civitates
669 3727 719 3806 δὶς
739 3729 793 3794 vel
813 3730 885 3816 τρὶς
905 3723 1072 3817 νεωκόροι
1100 3731 1207 3818 appel-

107 3837 224 3922 lentur,
245 3841 317 3903 τῶν
330 3839 516 3919 Σεβαστῶν
536 3823 792 3902 subaudiendum
807 3859 878 3904 esee
900 3847 1018 3904 censet.
1061 3839 1114 3906 Ao
1131 3861 1210 3906 sane

109 3945 256 4010 civitates
290 3946 339 4010 sui
371 3966 531 4030 quamque
563 3945 702 4008 numinis
743 3945 946 4032 principalis,
979 3956 1015 4012 ut
1044 3945 1209 4032 Ephesum

181 4216 190 4247 ¹
240 4221 291 4268 ,22
310 4217 370 4268 adn.
384 4221 407 4270 3.

182 4217 414 4379 ‘lllsddingtou
433 4315 515 4366 laetos
533 4331 559 4364 n.
578 4316 619 4365 98.
655 4313 689 4364 ol.
708 4312 840 4364 Mionuet.
858 4313 899 4364 111
916 4329 942 4380 p.
960 4315 993 4365 93
1012 4329 1038 4364 n.
1052 4314 1108 4366 25³.

182 4403 204 4471 ⁸)
224 4406 256 4457 D.
275 4407 307 4457 N.
326 4407 362 4457 lV
381 4423 406 4474 p.
426 4410 483 4460 297.
518 4409 603 4460 Taoel
619 4408 730 4459 Kranae.
