<?xml version="1.0" encoding="UTF-8"?>
<!DOCTYPE html PUBLIC "-//W3C//DTD XHTML 1.0 Transitional//EN"
    "http://www.w3.org/TR/xhtml1/DTD/xhtml1-transitional.dtd">
<html xmlns="http://www.w3.org/1999/xhtml" xml:lang="en" lang="en">
 <head>
  <title>
</title>
<meta http-equiv="Content-Type" content="text/html;charset=utf-8" />
  <meta name='ocr-system' content='tesseract 3.04.00' />
  <meta name='ocr-capabilities' content='ocr_page ocr_carea ocr_par ocr_line ocrx_word'/>
</head>
<body>
  <div class='ocr_page' id='page_1' title='image "./deneocoria00bcgoog_0018.png"; bbox 0 0 2966 5092; ppageno 0'>
   <div class='ocr_carea' id='block_1_1' title="bbox 682 451 718 516">
    <p class='ocr_par' dir='ltr' id='par_1_1' title="bbox 682 451 718 516">
     <span class='ocr_line' id='line_1_1' title="bbox 682 451 718 516; baseline 0 0"><span class='ocrx_word' id='word_1_1' title='bbox 682 451 718 516; x_wconf 92' lang='lat'><strong>11</strong></span> 
     </span>
    </p>
   </div>
   <div class='ocr_carea' id='block_1_2' title="bbox 596 541 795 548">
    <p class='ocr_par' dir='ltr' id='par_1_2' title="bbox 596 541 795 548">
     <span class='ocr_line' id='line_1_2' title="bbox 596 541 795 548; baseline 0 -1"><span class='ocrx_word' id='word_1_2' title='bbox 596 541 795 548; x_wconf 78' lang='lat'><em>-.—-—.—-</em></span> 
     </span>
    </p>
   </div>
   <div class='ocr_carea' id='block_1_3' title="bbox 129 648 1317 3775">
    <p class='ocr_par' dir='ltr' id='par_1_3' title="bbox 129 648 1244 1823">
     <span class='ocr_line' id='line_1_3' title="bbox 129 648 1243 738; baseline -0.001 -21"><span class='ocrx_word' id='word_1_3' title='bbox 129 648 289 717; x_wconf 81' lang='lat' dir='ltr'><strong>Graecia</strong></span> <span class='ocrx_word' id='word_1_4' title='bbox 319 673 480 716; x_wconf 89' lang='lat' dir='ltr'><strong>neocoron</strong></span> <span class='ocrx_word' id='word_1_5' title='bbox 509 651 584 718; x_wconf 88' lang='lat' dir='ltr'><strong>fidei</strong></span> <span class='ocrx_word' id='word_1_6' title='bbox 611 653 779 738; x_wconf 84' lang='lat' dir='ltr'><strong>pecuniam</strong></span> <span class='ocrx_word' id='word_1_7' title='bbox 810 662 908 738; x_wconf 89' lang='lat' dir='ltr'><strong>atque</strong></span> <span class='ocrx_word' id='word_1_8' title='bbox 934 652 1057 716; x_wconf 80' lang='lat' dir='ltr'>litteras</span> <span class='ocrx_word' id='word_1_9' title='bbox 1084 650 1243 716; x_wconf 88' lang='lat' dir='ltr'><strong>interdum</strong></span> 
     </span>
     <span class='ocr_line' id='line_1_4' title="bbox 129 759 1244 846; baseline 0.002 -24"><span class='ocrx_word' id='word_1_10' title='bbox 129 761 393 825; x_wconf 83' lang='lat' dir='ltr'><strong>committerent.</strong></span> <span class='ocrx_word' id='word_1_11' title='bbox 448 759 542 840; x_wconf 83' lang='lat' dir='ltr'><strong>Quod</strong></span> <span class='ocrx_word' id='word_1_12' title='bbox 582 763 645 825; x_wconf 92' lang='lat' dir='ltr'><strong>iam</strong></span> <span class='ocrx_word' id='word_1_13' title='bbox 680 759 930 846; x_wconf 85' lang='lat' dir='ltr'><strong>Xenophontem</strong></span> <span class='ocrx_word' id='word_1_14' title='bbox 962 759 1133 826; x_wconf 82' lang='lat' dir='ltr'><strong>Graeciam</strong></span> <span class='ocrx_word' id='word_1_15' title='bbox 1170 769 1244 846; x_wconf 87' lang='lat' dir='ltr'><strong>post</strong></span> 
     </span>
     <span class='ocr_line' id='line_1_5' title="bbox 129 867 1242 954; baseline 0.002 -24"><span class='ocrx_word' id='word_1_16' title='bbox 129 867 385 952; x_wconf 87' lang='lat' dir='ltr'><strong>expeditionem</strong></span> <span class='ocrx_word' id='word_1_17' title='bbox 407 878 612 954; x_wconf 86' lang='lat' dir='ltr'><strong>appetentem</strong></span> <span class='ocrx_word' id='word_1_18' title='bbox 628 871 660 933; x_wconf 93' lang='lat' dir='ltr'><strong>in</strong></span> <span class='ocrx_word' id='word_1_19' title='bbox 677 871 795 954; x_wconf 90' lang='lat' dir='ltr'><strong>templo</strong></span> <span class='ocrx_word' id='word_1_20' title='bbox 808 869 933 934; x_wconf 87' lang='lat' dir='ltr'><strong>Dianae</strong></span> <span class='ocrx_word' id='word_1_21' title='bbox 946 869 1104 954; x_wconf 80' lang='lat' dir='ltr'><strong>Ephesiae</strong></span> <span class='ocrx_word' id='word_1_22' title='bbox 1119 869 1242 952; x_wconf 83' lang='lat' dir='ltr'><strong>iecisse,</strong></span> 
     </span>
     <span class='ocr_line' id='line_1_6' title="bbox 130 975 1244 1062; baseline 0.003 -23"><span class='ocrx_word' id='word_1_23' title='bbox 130 977 218 1039; x_wconf 87' lang='lat' dir='ltr'><strong>satis</strong></span> <span class='ocrx_word' id='word_1_24' title='bbox 244 987 360 1041; x_wconf 91' lang='lat' dir='ltr'><strong>notum</strong></span> <span class='ocrx_word' id='word_1_25' title='bbox 382 987 431 1040; x_wconf 85' lang='lat' dir='ltr'><strong>est</strong></span> <span class='ocrx_word' id='word_1_26' title='bbox 444 978 480 1059; x_wconf 86' lang='lat'><strong>¹).</strong></span> <span class='ocrx_word' id='word_1_27' title='bbox 523 975 647 1042; x_wconf 79' lang='lat' dir='ltr'><strong>Eodem</strong></span> <span class='ocrx_word' id='word_1_28' title='bbox 668 986 776 1042; x_wconf 90' lang='lat' dir='ltr'><strong>autem</strong></span> <span class='ocrx_word' id='word_1_29' title='bbox 797 977 998 1042; x_wconf 88' lang='lat' dir='ltr'><strong>referendum</strong></span> <span class='ocrx_word' id='word_1_30' title='bbox 1020 987 1078 1060; x_wconf 83' lang='lat' dir='ltr'><strong>est,</strong></span> <span class='ocrx_word' id='word_1_31' title='bbox 1104 977 1188 1062; x_wconf 91' lang='lat' dir='ltr'><strong>quod</strong></span> <span class='ocrx_word' id='word_1_32' title='bbox 1210 979 1244 1042; x_wconf 92' lang='lat' dir='ltr'><strong>in</strong></span> 
     </span>
     <span class='ocr_line' id='line_1_7' title="bbox 130 1075 1242 1171; baseline 0.002 -23"><span class='ocrx_word' id='word_1_33' title='bbox 130 1086 406 1149; x_wconf 84' lang='lat' dir='ltr'><strong>manumissionis</strong></span> <span class='ocrx_word' id='word_1_34' title='bbox 421 1087 501 1149; x_wconf 88' lang='lat' dir='ltr'><strong>actis</strong></span> <span class='ocrx_word' id='word_1_35' title='bbox 513 1085 699 1171; x_wconf 90' lang='lat' dir='ltr'><strong>Delphiacis</strong></span> <span class='ocrx_word' id='word_1_36' title='bbox 714 1085 907 1150; x_wconf 88' lang='lat' dir='ltr'><strong>venditionis</strong></span> <span class='ocrx_word' id='word_1_37' title='bbox 922 1085 1051 1154; x_wconf 88' lang='lat' dir='ltr'><strong>tabulae</strong></span> <span class='ocrx_word' id='word_1_38' title='bbox 1066 1076 1101 1169; x_wconf 79' lang='lat' dir='ltr'><strong>(d</strong></span> <span class='ocrx_word' id='word_1_39' title='bbox 1116 1075 1202 1170; x_wconf 77' lang='grc' dir='ltr'><em>φ’νά)</em></span> <span class='ocrx_word' id='word_1_40' title='bbox 1216 1085 1242 1167; x_wconf 79' lang='lat'><strong>²)</strong></span> 
     </span>
     <span class='ocr_line' id='line_1_8' title="bbox 129 1183 1244 1278; baseline 0.002 -22"><span class='ocrx_word' id='word_1_41' title='bbox 129 1194 293 1256; x_wconf 86' lang='lat' dir='ltr'><strong>neocoris</strong></span> <span class='ocrx_word' id='word_1_42' title='bbox 315 1193 529 1258; x_wconf 86' lang='lat' dir='ltr'><strong>asservandae</strong></span> <span class='ocrx_word' id='word_1_43' title='bbox 551 1193 634 1258; x_wconf 89' lang='lat' dir='ltr'><strong>tradi</strong></span> <span class='ocrx_word' id='word_1_44' title='bbox 657 1215 753 1278; x_wconf 89' lang='lat' dir='ltr'><strong>saepe</strong></span> <span class='ocrx_word' id='word_1_45' title='bbox 775 1193 948 1258; x_wconf 87' lang='lat' dir='ltr'><strong>dicuntur:</strong></span> <span class='ocrx_word' id='word_1_46' title='bbox 972 1193 1011 1258; x_wconf 89' lang='lat' dir='ltr'><strong>cf.</strong></span> <span class='ocrx_word' id='word_1_47' title='bbox 1033 1183 1191 1259; x_wconf 84' lang='lat' dir='ltr'><strong>Weeoher</strong></span> <span class='ocrx_word' id='word_1_48' title='bbox 1212 1203 1244 1258; x_wconf 91' lang='lat' dir='ltr'><strong>et</strong></span> 
     </span>
     <span class='ocr_line' id='line_1_9' title="bbox 131 1300 1243 1386; baseline 0.001 -22"><span class='ocrx_word' id='word_1_49' title='bbox 131 1301 305 1384; x_wconf 87' lang='lat' dir='ltr'><strong>Foucart‚</strong></span> <span class='ocrx_word' id='word_1_50' title='bbox 338 1303 358 1366; x_wconf 95' lang='lat' dir='ltr'><strong>l.</strong></span> <span class='ocrx_word' id='word_1_51' title='bbox 381 1301 401 1366; x_wconf 88' lang='lat' dir='ltr'><strong>l.</strong></span> <span class='ocrx_word' id='word_1_52' title='bbox 433 1324 465 1366; x_wconf 92' lang='lat' dir='ltr'><strong>n.</strong></span> <span class='ocrx_word' id='word_1_53' title='bbox 494 1302 566 1385; x_wconf 79' lang='lat'>247,</span> <span class='ocrx_word' id='word_1_54' title='bbox 600 1303 670 1386; x_wconf 72' lang='lat'><strong>248,</strong></span> <span class='ocrx_word' id='word_1_55' title='bbox 699 1303 768 1366; x_wconf 80' lang='lat'><strong>321.</strong></span> <span class='ocrx_word' id='word_1_56' title='bbox 813 1301 927 1366; x_wconf 90' lang='lat' dir='ltr'><strong>Bullet.</strong></span> <span class='ocrx_word' id='word_1_57' title='bbox 953 1302 993 1366; x_wconf 89' lang='lat' dir='ltr'><strong>de</strong></span> <span class='ocrx_word' id='word_1_58' title='bbox 1016 1324 1095 1366; x_wconf 89' lang='lat' dir='ltr'><strong>corr.</strong></span> <span class='ocrx_word' id='word_1_59' title='bbox 1117 1300 1243 1366; x_wconf 93' lang='lat' dir='ltr'><strong>hell.V</strong></span> 
     </span>
     <span class='ocr_line' id='line_1_10' title="bbox 132 1409 1244 1496; baseline -0.002 -22"><span class='ocrx_word' id='word_1_60' title='bbox 132 1431 166 1494; x_wconf 91' lang='lat' dir='ltr'><strong>p.</strong></span> <span class='ocrx_word' id='word_1_61' title='bbox 200 1409 279 1474; x_wconf 89' lang='grc'><strong>409.</strong></span> <span class='ocrx_word' id='word_1_62' title='bbox 329 1410 421 1475; x_wconf 87' lang='lat' dir='ltr'><strong>Adeo</strong></span> <span class='ocrx_word' id='word_1_63' title='bbox 457 1411 536 1476; x_wconf 89' lang='lat' dir='ltr'><strong>haec</strong></span> <span class='ocrx_word' id='word_1_64' title='bbox 571 1411 768 1476; x_wconf 86' lang='lat' dir='ltr'><strong>consuetudo</strong></span> <span class='ocrx_word' id='word_1_65' title='bbox 801 1421 870 1475; x_wconf 87' lang='lat' dir='ltr'><strong>erat</strong></span> <span class='ocrx_word' id='word_1_66' title='bbox 904 1421 1097 1496; x_wconf 87' lang='lat' dir='ltr'><strong>pervagata,</strong></span> <span class='ocrx_word' id='word_1_67' title='bbox 1129 1420 1182 1491; x_wconf 87' lang='lat' dir='ltr'><strong>ut,</strong></span> <span class='ocrx_word' id='word_1_68' title='bbox 1217 1410 1244 1472; x_wconf 86' lang='lat' dir='ltr'><strong>si</strong></span> 
     </span>
     <span class='ocr_line' id='line_1_11' title="bbox 132 1517 1244 1604; baseline -0.002 -22"><span class='ocrx_word' id='word_1_69' title='bbox 132 1517 321 1584; x_wconf 86' lang='lat' dir='ltr'><strong>Ritsehelio</strong></span> <span class='ocrx_word' id='word_1_70' title='bbox 343 1518 438 1584; x_wconf 90' lang='lat' dir='ltr'><strong>fidem</strong></span> <span class='ocrx_word' id='word_1_71' title='bbox 459 1519 570 1604; x_wconf 85' lang='lat' dir='ltr'><strong>habes,</strong></span> <span class='ocrx_word' id='word_1_72' title='bbox 592 1519 762 1584; x_wconf 82' lang='lat' dir='ltr'><strong>Menandri</strong></span> <span class='ocrx_word' id='word_1_73' title='bbox 782 1529 889 1585; x_wconf 88' lang='lat' dir='ltr'><strong>aetate</strong></span> <span class='ocrx_word' id='word_1_74' title='bbox 908 1519 1026 1586; x_wconf 83' lang='lat' dir='ltr'><strong>Graeci</strong></span> <span class='ocrx_word' id='word_1_75' title='bbox 1048 1521 1075 1582; x_wconf 88' lang='lat' dir='ltr'><strong>si</strong></span> <span class='ocrx_word' id='word_1_76' title='bbox 1096 1518 1244 1584; x_wconf 87' lang='lat' dir='ltr'><strong>audirent</strong></span> 
     </span>
     <span class='ocr_line' id='line_1_12' title="bbox 765 1613 1095 1713; baseline -0.006 -19"><span class='ocrx_word' id='word_1_77' title='bbox 765 1617 807 1694; x_wconf 91' lang='grc' dir='ltr'><strong>ού</strong></span> <span class='ocrx_word' id='word_1_78' title='bbox 827 1621 1024 1713; x_wconf 77' lang='grc' dir='ltr'><em>Μεγάβυζος</em></span> <span class='ocrx_word' id='word_1_79' title='bbox 1045 1613 1095 1713; x_wconf 79' lang='grc' dir='ltr'><strong>ἦν,</strong></span> 
     </span>
     <span class='ocr_line' id='line_1_13' title="bbox 481 1727 912 1823; baseline 0.002 -22"><span class='ocrx_word' id='word_1_80' title='bbox 481 1727 573 1813; x_wconf 82' lang='grc' dir='ltr'><em>ὅστις</em></span> <span class='ocrx_word' id='word_1_81' title='bbox 593 1737 725 1821; x_wconf 82' lang='grc' dir='ltr'><em>γένοιτο</em></span> <span class='ocrx_word' id='word_1_82' title='bbox 748 1730 912 1823; x_wconf 78' lang='grc' dir='ltr'><em>ζάκορος;</em></span> 
     </span>
    </p>

    <p class='ocr_par' dir='ltr' id='par_1_4' title="bbox 135 1841 1244 2147">
     <span class='ocr_line' id='line_1_14' title="bbox 135 1841 1242 1930; baseline 0.001 -24"><span class='ocrx_word' id='word_1_83' title='bbox 135 1841 372 1925; x_wconf 88' lang='lat' dir='ltr'><strong>intellegerent</strong></span> <span class='ocrx_word' id='word_1_84' title='bbox 396 1865 522 1929; x_wconf 81' lang='lat' dir='ltr'><strong>„nonne</strong></span> <span class='ocrx_word' id='word_1_85' title='bbox 544 1843 744 1930; x_wconf 82' lang='lat' dir='ltr'><strong>Megabyzus</strong></span> <span class='ocrx_word' id='word_1_86' title='bbox 767 1844 896 1927; x_wconf 89' lang='lat' dir='ltr'><strong>aderat,</strong></span> <span class='ocrx_word' id='word_1_87' title='bbox 929 1845 978 1908; x_wconf 91' lang='lat' dir='ltr'><strong>cui</strong></span> <span class='ocrx_word' id='word_1_88' title='bbox 1000 1845 1135 1928; x_wconf 83' lang='lat' dir='ltr'><strong>pecunia</strong></span> <span class='ocrx_word' id='word_1_89' title='bbox 1156 1865 1242 1908; x_wconf 86' lang='lat' dir='ltr'><strong>man·</strong></span> 
     </span>
     <span class='ocr_line' id='line_1_15' title="bbox 136 1949 1244 2038; baseline 0 -24"><span class='ocrx_word' id='word_1_90' title='bbox 136 1949 279 2015; x_wconf 89' lang='lat' dir='ltr'><strong>daretur</strong></span> <span class='ocrx_word' id='word_1_91' title='bbox 290 1950 316 2035; x_wconf 81' lang='lat'><strong>³)</strong></span> <span class='ocrx_word' id='word_1_92' title='bbox 328 1949 364 2016; x_wconf 58' lang='grc' dir='ltr'><strong>θα</strong></span> <span class='ocrx_word' id='word_1_93' title='bbox 416 1951 530 2017; x_wconf 82' lang='lat' dir='ltr'><strong>Elucet</strong></span> <span class='ocrx_word' id='word_1_94' title='bbox 559 1962 666 2018; x_wconf 88' lang='lat' dir='ltr'><strong>autem</strong></span> <span class='ocrx_word' id='word_1_95' title='bbox 695 1975 735 2017; x_wconf 84' lang='lat' dir='ltr'><strong>ex</strong></span> <span class='ocrx_word' id='word_1_96' title='bbox 766 1955 822 2035; x_wconf 88' lang='lat' dir='ltr'><strong>iis,</strong></span> <span class='ocrx_word' id='word_1_97' title='bbox 856 1975 938 2038; x_wconf 91' lang='lat' dir='ltr'><strong>quae</strong></span> <span class='ocrx_word' id='word_1_98' title='bbox 967 1953 1148 2036; x_wconf 86' lang='lat' dir='ltr'><strong>attulimus,</strong></span> <span class='ocrx_word' id='word_1_99' title='bbox 1178 1973 1244 2015; x_wconf 90' lang='lat' dir='ltr'><strong>non</strong></span> 
     </span>
     <span class='ocr_line' id='line_1_16' title="bbox 136 2059 1114 2147; baseline 0.003 -24"><span class='ocrx_word' id='word_1_100' title='bbox 136 2069 233 2124; x_wconf 88' lang='lat' dir='ltr'><strong>recte</strong></span> <span class='ocrx_word' id='word_1_101' title='bbox 255 2059 439 2125; x_wconf 89' lang='lat' dir='ltr'><strong>Nauckium</strong></span> <span class='ocrx_word' id='word_1_102' title='bbox 461 2061 493 2124; x_wconf 92' lang='lat' dir='ltr'><strong>in</strong></span> <span class='ocrx_word' id='word_1_103' title='bbox 515 2062 642 2145; x_wconf 87' lang='lat' dir='ltr'><strong>prologi</strong></span> <span class='ocrx_word' id='word_1_104' title='bbox 662 2061 750 2126; x_wconf 88' lang='lat' dir='ltr'><strong>Ionis</strong></span> <span class='ocrx_word' id='word_1_105' title='bbox 772 2061 965 2147; x_wconf 83' lang='lat' dir='ltr'><strong>Euripideae</strong></span> <span class='ocrx_word' id='word_1_106' title='bbox 986 2084 1015 2126; x_wconf 90' lang='lat' dir='ltr'><strong>v.</strong></span> <span class='ocrx_word' id='word_1_107' title='bbox 1038 2061 1114 2138; x_wconf 68' lang='lat'><strong>5415</strong></span> 
     </span>
    </p>

    <p class='ocr_par' dir='ltr' id='par_1_5' title="bbox 319 2164 1115 2255">
     <span class='ocr_line' id='line_1_17' title="bbox 319 2164 1115 2255; baseline 0 -21"><span class='ocrx_word' id='word_1_108' title='bbox 319 2169 444 2250; x_wconf 71' lang='lat' dir='ltr'><strong>Alcinoi</strong></span> <span class='ocrx_word' id='word_1_109' title='bbox 465 2168 520 2250; x_wconf 82' lang='grc' dir='ltr'><strong>σφ’</strong></span> <span class='ocrx_word' id='word_1_110' title='bbox 544 2166 665 2234; x_wconf 72' lang='grc' dir='ltr'><em>ἔθεντο</em></span> <span class='ocrx_word' id='word_1_111' title='bbox 686 2164 925 2255; x_wconf 78' lang='grc' dir='ltr'><em>χρυσοφύλακα</em></span> <span class='ocrx_word' id='word_1_112' title='bbox 945 2174 1007 2236; x_wconf 84' lang='grc' dir='ltr'><strong>τού</strong></span> <span class='ocrx_word' id='word_1_113' title='bbox 1028 2173 1115 2235; x_wconf 83' lang='grc' dir='ltr'><em>θεοῦ</em></span> 
     </span>
    </p>

    <p class='ocr_par' dir='ltr' id='par_1_6' title="bbox 138 2271 1243 2583">
     <span class='ocr_line' id='line_1_18' title="bbox 317 2271 955 2360; baseline 0.006 -20"><span class='ocrx_word' id='word_1_114' title='bbox 317 2277 440 2360; x_wconf 80' lang='grc' dir='ltr'><strong><em>ταμίαν</em></strong></span> <span class='ocrx_word' id='word_1_115' title='bbox 460 2300 498 2342; x_wconf 88' lang='grc' dir='ltr'><strong>τε</strong></span> <span class='ocrx_word' id='word_1_116' title='bbox 519 2271 660 2342; x_wconf 84' lang='grc' dir='ltr'><em>πάντων</em></span> <span class='ocrx_word' id='word_1_117' title='bbox 681 2272 802 2345; x_wconf 84' lang='grc' dir='ltr'><em>πιστὸν</em></span> <span class='ocrx_word' id='word_1_118' title='bbox 823 2303 852 2344; x_wconf 90' lang='grc' dir='ltr'><strong>κ.</strong></span> <span class='ocrx_word' id='word_1_119' title='bbox 874 2302 903 2343; x_wconf 86' lang='grc' dir='ltr'><strong>τ.</strong></span> <span class='ocrx_word' id='word_1_120' title='bbox 927 2284 955 2344; x_wconf 83' lang='grc' dir='ltr'><strong>λ.</strong></span> 
     </span>
     <span class='ocr_line' id='line_1_19' title="bbox 138 2378 1243 2472; baseline 0 -22"><span class='ocrx_word' id='word_1_121' title='bbox 138 2378 344 2468; x_wconf 76' lang='grc' dir='ltr'><em>ναοφύλακα</em></span> <span class='ocrx_word' id='word_1_122' title='bbox 371 2407 429 2470; x_wconf 90' lang='lat' dir='ltr'><strong>pro</strong></span> <span class='ocrx_word' id='word_1_123' title='bbox 456 2380 694 2472; x_wconf 79' lang='grc' dir='ltr'><em>χρυσοφύλακα</em></span> <span class='ocrx_word' id='word_1_124' title='bbox 725 2387 821 2450; x_wconf 87' lang='lat' dir='ltr'><strong>scribi</strong></span> <span class='ocrx_word' id='word_1_125' title='bbox 850 2388 979 2452; x_wconf 88' lang='lat' dir='ltr'><strong>iussisse</strong></span> <span class='ocrx_word' id='word_1_126' title='bbox 990 2387 1028 2471; x_wconf 67' lang='grc'><strong>4).</strong></span> <span class='ocrx_word' id='word_1_127' title='bbox 1072 2386 1189 2452; x_wconf 89' lang='lat' dir='ltr'><strong>Nonne</strong></span> <span class='ocrx_word' id='word_1_128' title='bbox 1210 2387 1243 2450; x_wconf 92' lang='lat' dir='ltr'><strong>iu</strong></span> 
     </span>
     <span class='ocr_line' id='line_1_20' title="bbox 138 2481 1029 2583; baseline 0.004 -26"><span class='ocrx_word' id='word_1_129' title='bbox 138 2492 257 2558; x_wconf 83' lang='lat' dir='ltr'><strong>fabula</strong></span> <span class='ocrx_word' id='word_1_130' title='bbox 277 2495 348 2578; x_wconf 87' lang='lat' dir='ltr'><strong>ipsa</strong></span> <span class='ocrx_word' id='word_1_131' title='bbox 368 2495 513 2559; x_wconf 88' lang='lat' dir='ltr'><strong>minister</strong></span> <span class='ocrx_word' id='word_1_132' title='bbox 534 2495 574 2559; x_wconf 90' lang='lat' dir='ltr'><strong>de</strong></span> <span class='ocrx_word' id='word_1_133' title='bbox 594 2494 674 2560; x_wconf 86' lang='lat' dir='ltr'><strong>lone</strong></span> <span class='ocrx_word' id='word_1_134' title='bbox 696 2506 805 2560; x_wconf 86' lang='lat' dir='ltr'><strong>narrat</strong></span> <span class='ocrx_word' id='word_1_135' title='bbox 827 2517 855 2560; x_wconf 91' lang='lat' dir='ltr'><strong>v.</strong></span> <span class='ocrx_word' id='word_1_136' title='bbox 883 2497 961 2560; x_wconf 84' lang='lat'>1140</span> <span class='ocrx_word' id='word_1_137' title='bbox 982 2481 1029 2583; x_wconf 78' lang='lat' dir='ltr'><strong>sq.</strong></span> 
     </span>
    </p>

    <p class='ocr_par' dir='ltr' id='par_1_7' title="bbox 298 2595 1064 2692">
     <span class='ocr_line' id='line_1_21' title="bbox 298 2595 1064 2692; baseline 0.004 -24"><span class='ocrx_word' id='word_1_138' title='bbox 298 2597 411 2685; x_wconf 68' lang='lat' dir='ltr'><strong>luduin</strong></span> <span class='ocrx_word' id='word_1_139' title='bbox 432 2604 460 2669; x_wconf 69' lang='lat' dir='ltr'><strong>d</strong></span> <span class='ocrx_word' id='word_1_140' title='bbox 481 2595 654 2689; x_wconf 79' lang='grc' dir='ltr'><em>ὑφάσμαθ’</em></span> <span class='ocrx_word' id='word_1_141' title='bbox 677 2598 750 2691; x_wconf 79' lang='grc' dir='ltr'><em>ἱερά</em></span> <span class='ocrx_word' id='word_1_142' title='bbox 771 2609 952 2692; x_wconf 76' lang='grc' dir='ltr'><em>θησαυρῶν</em></span> <span class='ocrx_word' id='word_1_143' title='bbox 972 2599 1064 2691; x_wconf 83' lang='grc' dir='ltr'><em>πάρα</em></span> 
     </span>
    </p>

    <p class='ocr_par' dir='ltr' id='par_1_8' title="bbox 142 2705 1317 3775">
     <span class='ocr_line' id='line_1_22' title="bbox 297 2705 1019 2801; baseline 0.004 -25"><span class='ocrx_word' id='word_1_144' title='bbox 297 2714 502 2796; x_wconf 78' lang='grc' dir='ltr'><em>κατεσκίαζε,</em></span> <span class='ocrx_word' id='word_1_145' title='bbox 524 2707 671 2799; x_wconf 84' lang='grc' dir='ltr'><em>θαύματ’</em></span> <span class='ocrx_word' id='word_1_146' title='bbox 693 2705 891 2801; x_wconf 82' lang='grc' dir='ltr'><em>άνθρώποις</em></span> <span class='ocrx_word' id='word_1_147' title='bbox 912 2705 1019 2800; x_wconf 70' lang='lat' dir='ltr'><strong>dedu?</strong></span> 
     </span>
     <span class='ocr_line' id='line_1_23' title="bbox 142 2818 1243 2907; baseline 0.002 -24"><span class='ocrx_word' id='word_1_148' title='bbox 142 2818 242 2899; x_wconf 81' lang='lat' dir='ltr'><strong>Quod</strong></span> <span class='ocrx_word' id='word_1_149' title='bbox 265 2830 371 2886; x_wconf 87' lang='lat' dir='ltr'><strong>autem</strong></span> <span class='ocrx_word' id='word_1_150' title='bbox 393 2831 489 2906; x_wconf 89' lang='lat' dir='ltr'><strong>poeta</strong></span> <span class='ocrx_word' id='word_1_151' title='bbox 519 2822 695 2907; x_wconf 84' lang='lat' dir='ltr'><strong>significat,</strong></span> <span class='ocrx_word' id='word_1_152' title='bbox 727 2823 871 2888; x_wconf 88' lang='lat' dir='ltr'><strong>aedituos</strong></span> <span class='ocrx_word' id='word_1_153' title='bbox 894 2823 934 2887; x_wconf 88' lang='lat' dir='ltr'><strong>ad</strong></span> <span class='ocrx_word' id='word_1_154' title='bbox 956 2845 1007 2888; x_wconf 87' lang='lat' dir='ltr'><strong>res</strong></span> <span class='ocrx_word' id='word_1_155' title='bbox 1029 2845 1135 2886; x_wconf 86' lang='lat' dir='ltr'><strong>sacras</strong></span> <span class='ocrx_word' id='word_1_156' title='bbox 1157 2823 1243 2907; x_wconf 85' lang='lat' dir='ltr'><strong>ipsas</strong></span> 
     </span>
     <span class='ocr_line' id='line_1_24' title="bbox 143 2927 1244 3017; baseline 0.002 -25"><span class='ocrx_word' id='word_1_157' title='bbox 143 2927 418 2995; x_wconf 87' lang='lat' dir='ltr'><strong>administrandas</strong></span> <span class='ocrx_word' id='word_1_158' title='bbox 450 2953 680 3017; x_wconf 90' lang='lat' dir='ltr'><strong>nonnunquam</strong></span> <span class='ocrx_word' id='word_1_159' title='bbox 712 2931 833 3017; x_wconf 93' lang='lat' dir='ltr'><strong>aliquid</strong></span> <span class='ocrx_word' id='word_1_160' title='bbox 865 2933 1019 3013; x_wconf 87' lang='lat' dir='ltr'><strong>valuisse,</strong></span> <span class='ocrx_word' id='word_1_161' title='bbox 1056 2929 1244 2994; x_wconf 87' lang='lat' dir='ltr'><strong>confirmare</strong></span> 
     </span>
     <span class='ocr_line' id='line_1_25' title="bbox 143 3037 1243 3122; baseline 0 -22"><span class='ocrx_word' id='word_1_162' title='bbox 143 3037 242 3101; x_wconf 88' lang='lat' dir='ltr'><strong>nobis</strong></span> <span class='ocrx_word' id='word_1_163' title='bbox 277 3039 360 3103; x_wconf 91' lang='lat' dir='ltr'><strong>licet.</strong></span> <span class='ocrx_word' id='word_1_164' title='bbox 419 3039 490 3118; x_wconf 80' lang='lat' dir='ltr'><strong>Quo</strong></span> <span class='ocrx_word' id='word_1_165' title='bbox 526 3041 597 3104; x_wconf 91' lang='lat' dir='ltr'><strong>loco</strong></span> <span class='ocrx_word' id='word_1_166' title='bbox 631 3049 667 3103; x_wconf 89' lang='lat' dir='ltr'><strong>ut</strong></span> <span class='ocrx_word' id='word_1_167' title='bbox 699 3041 883 3105; x_wconf 89' lang='lat' dir='ltr'><strong>omittamus</strong></span> <span class='ocrx_word' id='word_1_168' title='bbox 917 3039 958 3104; x_wconf 91' lang='lat' dir='ltr'><strong>ab</strong></span> <span class='ocrx_word' id='word_1_169' title='bbox 995 3039 1152 3122; x_wconf 87' lang='lat' dir='ltr'><strong>aegrotis,</strong></span> <span class='ocrx_word' id='word_1_170' title='bbox 1189 3039 1243 3122; x_wconf 93' lang='lat' dir='ltr'><strong>qui</strong></span> 
     </span>
     <span class='ocr_line' id='line_1_26' title="bbox 145 3145 1242 3233; baseline 0.001 -24"><span class='ocrx_word' id='word_1_171' title='bbox 145 3145 341 3230; x_wconf 88' lang='lat' dir='ltr'><strong>Amphiarai</strong></span> <span class='ocrx_word' id='word_1_172' title='bbox 361 3146 529 3213; x_wconf 84' lang='lat' dir='ltr'><strong>delubrum</strong></span> <span class='ocrx_word' id='word_1_173' title='bbox 542 3146 710 3233; x_wconf 89' lang='lat' dir='ltr'><strong>Oropense</strong></span> <span class='ocrx_word' id='word_1_174' title='bbox 726 3148 977 3233; x_wconf 84' lang='lat' dir='ltr'><strong>frequentarent,</strong></span> <span class='ocrx_word' id='word_1_175' title='bbox 999 3169 1136 3212; x_wconf 86' lang='lat' dir='ltr'><strong>neocoro</strong></span> <span class='ocrx_word' id='word_1_176' title='bbox 1153 3167 1242 3232; x_wconf 89' lang='lat' dir='ltr'><strong>prae·</strong></span> 
     </span>
     <span class='ocr_line' id='line_1_27' title="bbox 145 3256 1243 3338; baseline 0 -21"><span class='ocrx_word' id='word_1_177' title='bbox 145 3263 241 3318; x_wconf 87' lang='lat' dir='ltr'><strong>sente</strong></span> <span class='ocrx_word' id='word_1_178' title='bbox 261 3256 429 3338; x_wconf 90' lang='lat' dir='ltr'><strong>pecuniam</strong></span> <span class='ocrx_word' id='word_1_179' title='bbox 450 3257 484 3320; x_wconf 94' lang='lat' dir='ltr'><strong>in</strong></span> <span class='ocrx_word' id='word_1_180' title='bbox 505 3277 611 3320; x_wconf 90' lang='lat' dir='ltr'><strong>arcam</strong></span> <span class='ocrx_word' id='word_1_181' title='bbox 634 3257 784 3321; x_wconf 89' lang='lat' dir='ltr'><strong>iniectam</strong></span> <span class='ocrx_word' id='word_1_182' title='bbox 805 3278 875 3321; x_wconf 86' lang='lat' dir='ltr'><strong>esse</strong></span> <span class='ocrx_word' id='word_1_183' title='bbox 902 3293 943 3302; x_wconf 93' lang='lat'>-</span> <span class='ocrx_word' id='word_1_184' title='bbox 971 3277 1046 3320; x_wconf 93' lang='lat' dir='ltr'><strong>nam</strong></span> <span class='ocrx_word' id='word_1_185' title='bbox 1072 3256 1112 3320; x_wconf 94' lang='lat' dir='ltr'><strong>ad</strong></span> <span class='ocrx_word' id='word_1_186' title='bbox 1136 3275 1243 3319; x_wconf 86' lang='lat' dir='ltr'><strong>aream</strong></span> 
     </span>
     <span class='ocr_line' id='line_1_28' title="bbox 144 3361 1242 3450; baseline 0.001 -25"><span class='ocrx_word' id='word_1_187' title='bbox 144 3361 251 3445; x_wconf 89' lang='lat' dir='ltr'><strong>ipsam</strong></span> <span class='ocrx_word' id='word_1_188' title='bbox 285 3361 414 3427; x_wconf 88' lang='lat' dir='ltr'><strong>aedituo</strong></span> <span class='ocrx_word' id='word_1_189' title='bbox 449 3364 555 3429; x_wconf 87' lang='lat' dir='ltr'><strong>aditus</strong></span> <span class='ocrx_word' id='word_1_190' title='bbox 592 3386 658 3428; x_wconf 92' lang='lat' dir='ltr'><strong>non</strong></span> <span class='ocrx_word' id='word_1_191' title='bbox 693 3365 835 3450; x_wconf 85' lang='lat' dir='ltr'><strong>patuisse</strong></span> <span class='ocrx_word' id='word_1_192' title='bbox 872 3364 1000 3429; x_wconf 89' lang='lat' dir='ltr'><strong>videtur</strong></span> <span class='ocrx_word' id='word_1_193' title='bbox 1034 3402 1073 3410; x_wconf 89' lang='lat'>—</span> <span class='ocrx_word' id='word_1_194' title='bbox 1106 3364 1242 3449; x_wconf 92' lang='lat' dir='ltr'><strong>primum</strong></span> 
     </span>
     <span class='ocr_line' id='line_1_29' title="bbox 145 3469 1244 3557; baseline 0 -24"><span class='ocrx_word' id='word_1_195' title='bbox 145 3469 254 3534; x_wconf 83' lang='lat' dir='ltr'><strong>afferri</strong></span> <span class='ocrx_word' id='word_1_196' title='bbox 276 3480 398 3556; x_wconf 84' lang='lat' dir='ltr'><strong>potest,</strong></span> <span class='ocrx_word' id='word_1_197' title='bbox 431 3472 516 3557; x_wconf 92' lang='lat' dir='ltr'><strong>quod</strong></span> <span class='ocrx_word' id='word_1_198' title='bbox 546 3472 679 3537; x_wconf 89' lang='lat' dir='ltr'><strong>donaria</strong></span> <span class='ocrx_word' id='word_1_199' title='bbox 707 3495 867 3538; x_wconf 88' lang='lat' dir='ltr'><strong>neocoron</strong></span> <span class='ocrx_word' id='word_1_200' title='bbox 900 3473 1063 3538; x_wconf 83' lang='lat' dir='ltr'><strong>custodiae</strong></span> <span class='ocrx_word' id='word_1_201' title='bbox 1091 3470 1244 3534; x_wconf 88' lang='lat' dir='ltr'><strong>mandata</strong></span> 
     </span>
     <span class='ocr_line' id='line_1_30' title="bbox 146 3572 1317 3666; baseline 0.002 -25"><span class='ocrx_word' id='word_1_202' title='bbox 146 3588 248 3642; x_wconf 90' lang='lat' dir='ltr'><strong>erant.</strong></span> <span class='ocrx_word' id='word_1_203' title='bbox 272 3579 312 3643; x_wconf 83' lang='lat' dir='ltr'><strong>cf.</strong></span> <span class='ocrx_word' id='word_1_204' title='bbox 329 3579 400 3644; x_wconf 89' lang='lat' dir='ltr'><strong>Ael.</strong></span> <span class='ocrx_word' id='word_1_205' title='bbox 414 3580 547 3645; x_wconf 86' lang='lat' dir='ltr'><strong>Aristid.</strong></span> <span class='ocrx_word' id='word_1_206' title='bbox 570 3581 588 3644; x_wconf 88' lang='grc' dir='ltr'>Ι</span> <span class='ocrx_word' id='word_1_207' title='bbox 609 3604 639 3666; x_wconf 92' lang='lat' dir='ltr'><strong>p.</strong></span> <span class='ocrx_word' id='word_1_208' title='bbox 651 3581 714 3646; x_wconf 78' lang='lat'><strong>456</strong></span> <span class='ocrx_word' id='word_1_209' title='bbox 735 3579 834 3645; x_wconf 90' lang='lat' dir='ltr'><strong>Dind.</strong></span> <span class='ocrx_word' id='word_1_210' title='bbox 857 3580 894 3647; x_wconf 81' lang='grc' dir='ltr'><strong>ἒν</strong></span> <span class='ocrx_word' id='word_1_211' title='bbox 914 3573 1080 3666; x_wconf 84' lang='grc' dir='ltr'><em>Περγάμῳ</em></span> <span class='ocrx_word' id='word_1_212' title='bbox 1101 3572 1244 3644; x_wconf 78' lang='grc' dir='ltr'><em>ἐδόκουν</em></span> <span class='ocrx_word' id='word_1_213' title='bbox 1315 3607 1317 3614; x_wconf 93' lang='grc'><strong><em>·</em></strong></span> 
     </span>
     <span class='ocr_line' id='line_1_31' title="bbox 146 3679 1244 3775; baseline 0.001 -25"><span class='ocrx_word' id='word_1_214' title='bbox 146 3686 316 3769; x_wconf 82' lang='grc' dir='ltr'><em>στέφανον</em></span> <span class='ocrx_word' id='word_1_215' title='bbox 336 3688 482 3773; x_wconf 80' lang='grc' dir='ltr'><em>πέμπειν</em></span> <span class='ocrx_word' id='word_1_216' title='bbox 496 3693 546 3774; x_wconf 82' lang='grc' dir='ltr'><strong>τῷ</strong></span> <span class='ocrx_word' id='word_1_217' title='bbox 565 3694 640 3774; x_wconf 80' lang='grc' dir='ltr'><strong>θεῷ</strong></span> <span class='ocrx_word' id='word_1_218' title='bbox 660 3727 701 3735; x_wconf 91' lang='grc'><strong>-</strong></span> <span class='ocrx_word' id='word_1_219' title='bbox 722 3683 910 3775; x_wconf 75' lang='grc' dir='ltr'><em>προςτάξας</em></span> <span class='ocrx_word' id='word_1_220' title='bbox 931 3694 981 3775; x_wconf 84' lang='grc' dir='ltr'><strong>τῷ</strong></span> <span class='ocrx_word' id='word_1_221' title='bbox 1003 3679 1244 3773; x_wconf 77' lang='grc' dir='ltr'><em>άποκομίζοντι</em></span> 
     </span>
    </p>
   </div>
   <div class='ocr_carea' id='block_1_4' title="bbox 217 3959 1242 4122">
    <p class='ocr_par' dir='ltr' id='par_1_9' title="bbox 217 3959 1242 4122">
     <span class='ocr_line' id='line_1_32' title="bbox 219 3959 573 4028; baseline 0.008 -18"><span class='ocrx_word' id='word_1_222' title='bbox 219 3959 238 4026; x_wconf 84' lang='grc' dir='ltr'><strong>ι)</strong></span> <span class='ocrx_word' id='word_1_223' title='bbox 259 3961 292 4010; x_wconf 81' lang='lat' dir='ltr'><strong>oi.</strong></span> <span class='ocrx_word' id='word_1_224' title='bbox 311 3961 417 4012; x_wconf 85' lang='lat' dir='ltr'><strong>anabas.</strong></span> <span class='ocrx_word' id='word_1_225' title='bbox 437 3961 460 4011; x_wconf 91' lang='lat' dir='ltr'>V</span> <span class='ocrx_word' id='word_1_226' title='bbox 479 3964 501 4025; x_wconf 82' lang='lat'><strong>3,</strong></span> <span class='ocrx_word' id='word_1_227' title='bbox 522 3960 573 4028; x_wconf 71' lang='lat' dir='ltr'><strong>tlt.</strong></span> 
     </span>
     <span class='ocr_line' id='line_1_33' title="bbox 217 4052 1242 4122; baseline 0.002 -18"><span class='ocrx_word' id='word_1_228' title='bbox 217 4052 238 4120; x_wconf 67' lang='grc'><strong>1)</strong></span> <span class='ocrx_word' id='word_1_229' title='bbox 258 4055 291 4104; x_wconf 85' lang='lat' dir='ltr'><strong>of.</strong></span> <span class='ocrx_word' id='word_1_230' title='bbox 313 4055 341 4104; x_wconf 86' lang='grc' dir='ltr'><strong>Ε.</strong></span> <span class='ocrx_word' id='word_1_231' title='bbox 362 4055 477 4117; x_wconf 82' lang='lat' dir='ltr'><strong>Curtius,</strong></span> <span class='ocrx_word' id='word_1_232' title='bbox 502 4057 676 4108; x_wconf 86' lang='lat' dir='ltr'><strong>naohriohten</strong></span> <span class='ocrx_word' id='word_1_233' title='bbox 694 4057 740 4107; x_wconf 87' lang='lat' dir='ltr'><strong>der</strong></span> <span class='ocrx_word' id='word_1_234' title='bbox 758 4058 874 4107; x_wconf 86' lang='lat' dir='ltr'><strong>univers.</strong></span> <span class='ocrx_word' id='word_1_235' title='bbox 893 4056 1038 4122; x_wconf 77' lang='lat' dir='ltr'><strong>Gtttingen</strong></span> <span class='ocrx_word' id='word_1_236' title='bbox 1058 4058 1124 4106; x_wconf 84' lang='grc'><strong>1864</strong></span> <span class='ocrx_word' id='word_1_237' title='bbox 1141 4072 1165 4122; x_wconf 92' lang='lat' dir='ltr'><strong>p.</strong></span> <span class='ocrx_word' id='word_1_238' title='bbox 1187 4058 1242 4106; x_wconf 83' lang='lat'><strong>138.</strong></span> 
     </span>
    </p>
   </div>
   <div class='ocr_carea' id='block_1_5' title="bbox 149 4145 1243 4304">
    <p class='ocr_par' dir='ltr' id='par_1_10' title="bbox 149 4145 1243 4304">
     <span class='ocr_line' id='line_1_34' title="bbox 218 4145 1243 4226; baseline 0.001 -28"><span class='ocrx_word' id='word_1_239' title='bbox 218 4145 239 4214; x_wconf 66' lang='grc'><strong>8)</strong></span> <span class='ocrx_word' id='word_1_240' title='bbox 259 4149 337 4198; x_wconf 89' lang='lat' dir='ltr'><strong>Hanc</strong></span> <span class='ocrx_word' id='word_1_241' title='bbox 355 4165 480 4200; x_wconf 86' lang='lat' dir='ltr'><strong>versuum</strong></span> <span class='ocrx_word' id='word_1_242' title='bbox 501 4151 544 4214; x_wconf 82' lang='grc' dir='ltr'><strong>δὶς</strong></span> <span class='ocrx_word' id='word_1_243' title='bbox 561 4146 761 4216; x_wconf 78' lang='grc' dir='ltr'><em>ἐξαπατῶντος</em></span> <span class='ocrx_word' id='word_1_244' title='bbox 775 4151 912 4201; x_wconf 84' lang='lat' dir='ltr'><strong>Menandri</strong></span> <span class='ocrx_word' id='word_1_245' title='bbox 930 4151 1173 4226; x_wconf 82' lang='lat' dir='ltr'><strong>interpretationem</strong></span> <span class='ocrx_word' id='word_1_246' title='bbox 1186 4165 1243 4216; x_wconf 90' lang='lat' dir='ltr'><strong>pro·</strong></span> 
     </span>
     <span class='ocr_line' id='line_1_35' title="bbox 149 4233 723 4304; baseline 0.007 -20"><span class='ocrx_word' id='word_1_247' title='bbox 149 4233 213 4285; x_wconf 87' lang='lat' dir='ltr'><strong>tulit</strong></span> <span class='ocrx_word' id='word_1_248' title='bbox 230 4234 401 4298; x_wconf 84' lang='lat' dir='ltr'><strong>Ritschelius,</strong></span> <span class='ocrx_word' id='word_1_249' title='bbox 421 4250 524 4302; x_wconf 85' lang='lat' dir='ltr'><strong>parerg.</strong></span> <span class='ocrx_word' id='word_1_250' title='bbox 543 4237 555 4286; x_wconf 89' lang='grc' dir='ltr'>Ι</span> <span class='ocrx_word' id='word_1_251' title='bbox 574 4255 598 4304; x_wconf 92' lang='lat' dir='ltr'><strong>p.</strong></span> <span class='ocrx_word' id='word_1_252' title='bbox 617 4240 667 4287; x_wconf 82' lang='lat'><strong>406</strong></span> <span class='ocrx_word' id='word_1_253' title='bbox 685 4253 723 4302; x_wconf 87' lang='lat' dir='ltr'><strong>sq.</strong></span> 
     </span>
    </p>
   </div>
   <div class='ocr_carea' id='block_1_6' title="bbox 218 4325 835 4394">
    <p class='ocr_par' dir='ltr' id='par_1_11' title="bbox 218 4325 835 4394">
     <span class='ocr_line' id='line_1_36' title="bbox 218 4325 835 4394; baseline 0.003 -16"><span class='ocrx_word' id='word_1_254' title='bbox 218 4325 240 4394; x_wconf 90' lang='lat'><strong>⁴)</strong></span> <span class='ocrx_word' id='word_1_255' title='bbox 260 4329 293 4378; x_wconf 87' lang='lat' dir='ltr'><strong>of.</strong></span> <span class='ocrx_word' id='word_1_256' title='bbox 312 4329 482 4382; x_wconf 81' lang='lat' dir='ltr'><strong>Heerwerten</strong></span> <span class='ocrx_word' id='word_1_257' title='bbox 500 4330 527 4381; x_wconf 90' lang='lat' dir='ltr'><strong>in</strong></span> <span class='ocrx_word' id='word_1_258' title='bbox 545 4331 606 4381; x_wconf 87' lang='lat' dir='ltr'><strong>edit.</strong></span> <span class='ocrx_word' id='word_1_259' title='bbox 625 4332 680 4381; x_wconf 89' lang='lat' dir='ltr'><strong>Ion.</strong></span> <span class='ocrx_word' id='word_1_260' title='bbox 699 4331 732 4382; x_wconf 88' lang='lat' dir='ltr'><strong>ad</strong></span> <span class='ocrx_word' id='word_1_261' title='bbox 750 4347 775 4382; x_wconf 83' lang='lat' dir='ltr'><strong>v.</strong></span> <span class='ocrx_word' id='word_1_262' title='bbox 794 4331 835 4382; x_wconf 71' lang='lat'><strong>54.</strong></span> 
     </span>
    </p>
   </div>
   <div class='ocr_carea' id='block_1_7' title="bbox 0 0 1500 5092">
    <p class='ocr_par' dir='ltr' id='par_1_12' title="bbox 0 0 1500 5092">
     <span class='ocr_line' id='line_1_37' title="bbox 0 0 1500 5092; baseline 0 0"><span class='ocrx_word' id='word_1_263' title='bbox 0 0 1500 5092; x_wconf 95' lang='lat' dir='ltr'><strong> </strong></span> 
     </span>
    </p>
   </div>
  </div>
 </body>
</html>
