2966 5092
803 443 823 510 8

268 656 389 712 rantur.
432 644 481 712 Ut
502 646 535 708 in
556 644 675 730 templo
699 644 859 730 Apollinis
882 644 1007 710 Deliaci
1028 654 1094 710 tres
1108 647 1144 730 ¹),
1164 647 1198 710 in
1214 646 1369 732 Asclepio

270 756 543 839 Pergamenorum
571 754 633 818 duo
667 753 722 838 (cf.
750 753 821 819 Ael.
851 753 984 818 Aristid.
1007 753 1025 818 I
1054 776 1084 840 p.
1106 755 1169 820 473
1198 755 1296 820 Dind.
1325 742 1370 842 ἦν

271 856 480 945 Φιλάδελφος
508 867 579 928 τῶν
608 855 790 947 νεωκόρον
817 852 961 948 ἅτερος).
1014 863 1122 948 Atque
1152 872 1188 927 ut
1215 864 1278 927 alia
1304 863 1370 927 hoo

268 974 339 1038 loco
373 973 574 1053 omittamus,
611 971 768 1034 Firmious
801 969 968 1034 Maternus
1004 970 1044 1034 de
1076 970 1170 1035 turba
1204 993 1369 1036 neocoron

268 1080 369 1144 verba
398 1079 492 1162 facit,
522 1079 577 1165 qui
598 1077 762 1163 Serapidis
791 1079 995 1142 simulacrum
1024 1080 1057 1142 in
1079 1079 1233 1165 Aegypto
1262 1089 1368 1146 custo·

268 1187 456 1269 diverint2).
490 1223 531 1233 -
561 1185 609 1252 Ut
640 1184 728 1249 Ionis
766 1195 815 1250 est
854 1187 999 1250 volucres
1033 1186 1169 1251 audaces
1198 1210 1218 1252 a
1245 1189 1366 1273 templo

269 1294 495 1381 prohiberel),
527 1296 572 1358 sic
603 1295 739 1378 Amorgi
774 1294 915 1377 incolae,
951 1317 993 1358 ne
1024 1294 1169 1360 homines
1203 1297 1366 1381 peregrini

268 1405 401 1469 Iunonis
424 1425 499 1466 suae
521 1403 674 1488 templum
692 1403 923 1487 ingrediantur,
945 1425 1105 1468 neocoron
1120 1425 1233 1468 cavere
1254 1393 1367 1468 iubent

268 1513 302 1576 in
324 1511 417 1576 titulo
449 1521 563 1597 quarto
585 1533 612 1574 a.
637 1509 712 1576 Ohr.
737 1511 863 1576 saeculo
894 1510 1114 1591 attribuendo,
1146 1534 1240 1597 quem
1266 1511 1366 1577 edidit

269 1621 307 1685 R.
330 1619 426 1703 Weil,
458 1618 684 1702 Mitteilungen
706 1618 723 1683 I
751 1641 782 1704 p.
803 1619 864 1684 342
894 1616 1007 1699 ἔδοξεν
1027 1623 1068 1704 τῇ
1087 1619 1218 1706 βο[υί]ῇ
1239 1623 1294 1686 καὶ
1315 1625 1366 1706 τῷ

270 1723 380 1815 δήμῳ,
414 1719 559 1813 Ἄγίναιν]
591 1723 680 1793 εἶπε·
731 1729 889 1793 Μελίτοιν
917 1722 1134 1814 ἐ[ιιεστ]οίτει·
1169 1722 1214 1814 μὴ
1244 1728 1367 1810 ἐξεῖναι

270 1834 519 1923 κα[τε’ρχ]εσθαι
541 1835 587 1912 εἰς
609 1828 648 1900 τὸ
668 1826 826 1921 Ἡραῑίον]
853 1836 938 1921 ξένῳ
958 1836 1083 1922 μηδενὶ,
1111 1835 1366 1923 ἐπιμείεὶῑσίθαι

269 1945 306 2011 δὲ
326 1938 390 2010 τὸν
409 1937 607 2030 νεωκίόροίν
627 1945 683 2009 καὶ
704 1942 878 2030 ἐξείργειν·
908 1937 969 2010 ἐὰν
990 1944 1027 2010 δὲ
1047 1938 1091 2030 μὴ
1112 1943 1253 2031 ἐξείργῃ,
1281 1934 1365 2011 σίνισ-

268 2051 397 2140 τ[ίνει]ν
424 2043 530 2119 αὐτὸν
558 2057 617 2138 τῆς
646 2043 768 2139 ἡμέρας
798 2047 937 2140 ἑκάστης
965 2053 1045 2119 δέκα
1075 2047 1246 2139 δραΙχμίάς
1276 2047 1365 2140 ἱερὰς

267 2166 309 2246 τῇ
346 2153 429 2252 Ἥρᾳ
471 2186 500 2227 κ.
533 2185 562 2226 τ.
594 2165 621 2226 λ.
687 2161 727 2225 cf.
761 2161 842 2226 Phil.
876 2161 953 2227 Jud.
983 2161 1018 2226 ΙΙ
1060 2183 1090 2247 p.
1123 2162 1184 2226 236
1221 2161 1365 2248 Mangey

270 2268 302 2337 οἱ
329 2270 357 2336 d
379 2268 458 2337 είσαι
488 2271 569 2354 (εοίΙ.
592 2264 770 2356 νεωκόροι)
798 2264 884 2336 κατὰ
914 2264 976 2336 τὸν
1003 2263 1156 2356 πρόνοον
1186 2273 1242 2354 (εο.
1266 2269 1361 2350 εἰσίν)

269 2369 354 2464 ὑπὲρ
375 2383 438 2445 τοῦ
458 2373 503 2465 μή
524 2401 600 2444 τινα
623 2363 672 2444 ὦν
694 2369 734 2445 οὐ
757 2380 855 2464 θέμις
876 2374 998 2446 ἑκόντα
1021 2371 1041 2466 ἢ
1062 2381 1118 2444 καὶ
1146 2370 1272 2445 ἄκοντα
1295 2378 1362 2446 ἐπι-

268 2490 367 2572 βῆναι
383 2486 426 2572 4)·
449 2485 481 2553 οἱ
503 2487 531 2552 δ’
552 2486 589 2553 ἐν
609 2480 722 2574 κύκλῳ
743 2493 979 2573 περινοστοῦσι
999 2513 1027 2554 κ.
1050 2513 1079 2554 τ.
1103 2493 1130 2554 ί.

352 2593 476 2659 Eodem
507 2595 647 2680 referas,
684 2595 769 2682 quod
804 2598 934 2660 neocori
966 2597 1052 2662 fores
1084 2597 1236 2662 claudunt
1268 2605 1363 2680 atque

269 2702 446 2789 aperiunt:
477 2702 516 2766 cf.
539 2701 610 2767 Ael.
635 2704 733 2767 Arist.
757 2704 774 2768 I
794 2704 889 2779 447s8
920 2705 1018 2770 Dind.
1042 2695 1061 2770 ὃ
1084 2706 1111 2770 d'
1134 2703 1197 2790 ἔφη
1217 2742 1258 2752 -
1279 2700 1363 2770 εἶναι

269 2811 347 2896 περὶ
367 2802 509 2894 λύχνους
530 2800 591 2895 ἤδη
612 2803 692 2887 τοὺς
714 2805 832 2896 ἱεροὺς,
854 2806 914 2890 τάς
930 2837 968 2879 τε
983 2806 1023 2899 δὴ
1043 2818 1132 2890 κλεῖς
1152 2802 1363 2897 ἀνακομίζειν
1470 2811 1471 2866 ἶ

268 2912 331 2985 τὸν
341 2911 530 3004 νεωκόρον·
553 2919 608 2984 καὶ
622 2932 735 3003 τυχεῖν
750 2919 787 2984 ἒν
797 2914 910 3007 τούτῳ
924 2923 1081 2989 κίεισθὲν
1095 2915 1135 2988 τὸ
1151 2915 1244 3008 ἱερόν
1257 2946 1286 2986 κ.
1295 2945 1324 2986 τ.
1334 2925 1360 2986 λ.

271 3026 440 3107 Quomodo
461 3035 568 3091 autem
583 3026 701 3092 aeditui
715 3026 869 3111 homines,
892 3031 945 3115 qui
966 3030 1098 3094 delubra
1113 3031 1362 3116 frequentarent,

271 3137 470 3219 curaverint,
500 3136 677 3201 illustratur
706 3125 814 3201 verbis
843 3137 1055 3221 Theodoreti,
1083 3137 1155 3203 hist.
1179 3139 1289 3203 eccles.
1312 3136 1363 3202 Ill

272 3247 310 3310 16
332 3237 537 3329 εἱστήκεισαν
557 3238 722 3332 νεωκόροι
742 3244 962 3328 (Antioohiae)
984 3248 1272 3332 περιρραντηρίοις
1285 3238 1363 3321 τοὺς

270 3346 435 3430 εἰσιόντας
458 3354 763 3440 προκαθαίροντες,
786 3345 831 3431 ὡς
852 3347 1015 3440 ἐνόμιζον.
1053 3355 1236 3440 Aesculapii
1258 3364 1362 3419 autem

269 3461 303 3524 in
324 3461 442 3547 templo
464 3460 620 3546 Epidauri
642 3471 805 3526 exstructo
831 3463 976 3527 aedituos
998 3465 1030 3527 in
1052 3465 1193 3548 aegrotis
1216 3462 1361 3528 curandis
1469 3467 1470 3538 ζ

268 3569 410 3636 medicos
440 3570 601 3634 adiuvisse
629 3569 753 3634 scimus.
798 3571 838 3635 of.
868 3569 967 3657 Hipp.
989 3571 1091 3656 Rheg.
1122 3571 1207 3657 apud
1239 3571 1360 3636 Aeliau.

269 3701 299 3745 v.
322 3680 352 3744 h.
374 3677 427 3743 IX
455 3678 496 3743 33
525 3667 566 3744 σι’
593 3683 705 3764 παρῆν
734 3669 874 3760 driade,
903 3677 935 3746 οἱ
965 3680 1082 3765 μέντοι
1103 3673 1240 3765 ζάκοροι
1266 3703 1361 3745 κατα·
1469 3697 1470 3756 j

269 3790 419 3854 κλίνουσι
439 3780 501 3872 τὴν
522 3778 727 3873 ἄνθρωπον,
759 3785 843 3854 ἔνθα
864 3787 981 3854 ἰᾶσθαι
1002 3779 1020 3854 ὁ
1043 3782 1126 3866 θεὸς
1147 3782 1264 3855 εἰώθει
1284 3781 1361 3865 τοὺς
1469 3783 1470 3788 ’

339 4072 359 4140 ¹)
378 4073 447 4125 Bull.
467 4073 500 4124 ds
518 4089 583 4125 corr.
603 4074 664 4125 hall.
685 4075 722 4125 VI
740 4090 765 4140 p.
785 4078 818 4125 tr
839 4075 888 4126 col.
911 4077 965 4126 196.
1002 4077 1035 4126 ol.
1055 4075 1178 4127 Homolio
1196 4077 1259 4128 ibid.
1278 4093 1302 4144 p.
1321 4081 1358 4130 83.

337 4157 359 4227 ²)
378 4161 418 4212 Ds
437 4176 524 4212 erroro
541 4162 608 4226 prol.
627 4161 701 4227 relig.
721 4177 743 4212 o.
766 4165 805 4226 13,
823 4166 841 4211 4
860 4161 900 4212 ed.
919 4162 1007 4213 Halm.
1044 4163 1077 4213 cf.
1096 4178 1119 4213 c.
1138 4162 1154 4212 i.
1174 4179 1199 4230 g.
1218 4166 1293 4216 6002.

340 4245 361 4314 ί)
381 4263 406 4298 r.
427 4249 474 4299 106
493 4263 532 4313 sq.
553 4249 602 4298 154
619 4262 656 4314 sq.

338 4331 361 4400 ⁴)
383 4333 454 4384 ldem
476 4334 508 4384 ds
526 4334 640 4385 aedituis
657 4335 766 4385 Roman.
786 4334 940 4401 comprobat
956 4335 1119 4402 Marquardt,
1137 4336 1154 4386 l.
1174 4336 1190 4410 l.
1209 4353 1234 4404 p.
1254 4340 1310 4389 380.
