2966 5092
562 507 761 602 -ιο-

88 711 326 792 καταστῆσαι,
347 703 409 784 ἕως
431 700 651 794 σίόμ]π[ασ]αι
672 707 852 775 διέλθωσιν
872 733 903 776 κ.
918 734 946 775 τ.
966 714 995 776 λ.
1019 721 1051 776 et
1072 712 1209 796 titulum,

90 835 192 900 quem
230 815 409 880 ediderunt
435 815 606 880 Benndorf
632 825 665 881 et
691 816 872 901 Niemann,
903 819 1000 884 Reise
1027 821 1060 884 in
1087 819 1211 906 Lyeien

89 923 159 988 und
198 923 330 989 Carien
362 945 392 1008 p.
424 923 461 987 77
495 924 521 988 Δ
549 945 569 988 a
597 925 615 987 7
639 946 687 1009 sq.
721 914 762 990 οῦ
791 919 899 1010 μόνον
930 916 998 992 ἀπὸ
1030 933 1126 993 θεῶν
1156 929 1211 994 καὶ

90 1035 252 1097 κτιστιῦν
277 1021 505 1114 αὐτοχθόνων
527 1022 626 1118 οῦσης
647 1022 704 1098 ἀπ’
727 1023 828 1119 ἀρχῆς
849 1025 944 1120 ήμεῑν
957 1029 1212 1121 πρὸςΣιδυμεῖς

91 1129 140 1215 ὡς
162 1139 310 1205 τέκνων
323 1133 409 1225 πρὸς
429 1153 538 1224 γονεῖς
560 1129 779 1207 ἀδιαλείπτου
796 1142 833 1207 ἐν
848 1144 950 1208 παντὶ
971 1149 1077 1230 καιροῦ
1098 1137 1211 1230 ἓνότη

91 1269 165 1326 τος,
190 1249 255 1312 καὶ
289 1248 361 1332 (pro
383 1237 468 1313 ἀλλὰ
490 1249 560 1331 καί)
593 1239 751 1332 ὁμονοίας
780 1252 875 1336 μεχρί
902 1255 964 1316 νῦν
992 1252 1212 1338 τετηρημένης

90 1355 150 1418 καί
184 1354 324 1438 (etiam)
357 1354 545 1440 ἐπιγαμίαις
574 1357 759 1441 παρθένων
786 1362 906 1442 σεμνᾶς
928 1361 1121 1444 νεοκορείας
1149 1364 1209 1446 τῆς

93 1452 299 1548 ἁγνοτάτης
319 1464 375 1528 καί
396 1464 475 1548 παρ’
489 1453 605 1540 αῦτοίς
622 1463 646 1548 ¹)
662 1453 848 1550 Ἀρτέμιδός
862 1490 899 1531 τε
916 1465 994 1554 [καὶ]
1007 1467 1212 1554 Εἰληθοιῶν,

92 1554 309 1656 ήπρόσθεν
336 1561 480 1656 ήροῦντο
511 1569 690 1659 γον[αῑ]κες
721 1571 872 1662 ἱέρειαΙι],
901 1565 1043 1660 ὕστερον
1073 1576 1108 1641 δὲ
1137 1577 1210 1642 κατ’

95 1673 349 1766 ἐπισζήτηίσινί
377 1681 433 1744 καὶ
466 1682 670 1766 θεοολογίαν
703 1681 798 1767 μέχρι
837 1684 892 1747 καὶ
920 1687 982 1748 νῦν
1007 1681 1211 1770 παῘρΙθένοι,

96 1775 318 1872 ἀνανεοῦμαι
338 1788 394 1852 καί
414 1779 500 1872 πρὸς
520 1781 650 1874 μνήμην
670 1789 725 1853 καὶ
752 1778 921 1870 εὐσέβειαν
947 1792 1004 1856 καὶ
1031 1785 1133 1871 δόξαν
1152 1797 1211 1878 τῆς

97 1899 192 1960 θεοῦ
217 1897 279 1961 καὶ
300 1899 371 1961 τῶν
390 1895 469 1980 παρ’
491 1885 586 1981 ήμείν
606 1890 722 1982 γάμων
742 1897 970 1982 θηλοτέκνων,
1004 1883 1074 1986 [ὧν]
1095 1898 1133 1965 ἐκ
1153 1904 1211 1986 τῆς

99 1993 331 2090 εῦσεβημὲνης
361 2007 448 2070 θεοῦ
472 1999 694 2090 ,τετεύχομεν,
725 1998 788 2070 τόν
817 1999 1004 2072 ἐκπεσόντα
1035 2001 1102 2092 πρό
1125 2005 1233 2074 ἐτῶν·

98 2113 174 2213 ρῙθ
199 2129 408 2213 Σιόυμεῦσιν
428 2123 576 2214 χρησμὸν
597 2132 675 2216 περὶ
696 2123 869 2215 νεωκόρον
888 2131 1066 2216 παρθένου
1086 2156 1116 2198 κ.
1135 2156 1164 2198 τ.
1181 2137 1209 2198 λ.

101 2235 266 2322 Sequitur
288 2238 466 2318 oraculum,
497 2259 559 2323 quo
583 2237 736 2322 Sidymae
764 2239 888 2303 incolae
910 2261 1064 2304 neocoroe
1087 2263 1128 2305 ex
1148 2243 1210 2304 vir·

102 2345 259 2428 ginibus‚
287 2367 352 2409 non
375 2347 439 2410 iam
461 2369 501 2410 ex
523 2345 707 2410 mulieribus
738 2347 917 2412 sacerdotio
946 2348 1064 2412 functis
1093 2351 1211 2433 eligere

103 2452 273 2517 iubentur.

191 2561 285 2625 Alibi
313 2583 440 2647 quoque
471 2563 531 2627 viri
561 2571 593 2628 et
625 2565 816 2628 auctoritate
850 2573 883 2629 et
915 2563 1028 2650 opibus
1060 2564 1210 2630 florentes

104 2671 282 2734 neocoriae
303 2690 418 2734 munus
433 2671 517 2734 inter
532 2679 647 2754 cetera,
671 2671 786 2757 quibus
803 2671 990 2756 gloriantur,
1014 2676 1211 2758 enumerent,

105 2785 143 2840 ut
170 2779 206 2840 in
238 2778 330 2841 titulo
361 2778 540 2863 Smyrnaeo
569 2801 595 2842 e.
617 2780 636 2843 i.
660 2801 693 2862 g.
722 2779 804 2844 3193
835 2815 869 2827 —
905 2785 937 2846 T.
962 2785 1020 2846 Φλ.
1043 2770 1213 2867 Ὀνήσιμον

105 2878 361 2970 Πατερνιανόν,
393 2879 579 2971 στρατηγὸν
610 2884 667 2951 ἐπὶ
698 2891 771 2952 τῶν
804 2878 921 2953 ὅπλων
951 2890 1007 2954 καί
1039 2883 1211 2974 νεωκόρον

107 2998 181 3058 τῶν
203 2987 359 3078 μεγάλων
381 2997 477 3060 θεῶν
487 2994 674 3079 Νεμέσεων,
690 2993 870 3081 ίππαρχον,
892 2992 1210 3082 γραμματοφόλακα,

107 3094 278 3187 πρύτανιν
305 3106 461 3187 πρῶτον,
492 3093 720 3188 ἀγορανόμον,
752 3107 874 3189 ταμίαν
903 3109 962 3192 τῆς
993 3099 1127 3184 πόλεως
1154 3108 1211 3172 καὶ

109 3203 171 3286 τὰς
200 3204 320 3286 λοιπὰς
364 3200 465 3296 ἀρχὰς
505 3200 706 3295 φιλοτείμως
743 3211 962 3279 ὲκτελέσαντα
992 3239 1021 3280 κ.
1044 3238 1072 3281 τ.
1095 3219 1124 3280 λ.
1169 3215 1209 3281 ef.

109 3317 189 3382 ibid.
222 3318 295 3383 add.
330 3319 411 3384 3831
445 3343 465 3384 a
494 3320 515 3382 4
548 3348 588 3373 =
621 3319 668 3384 Le
699 3320 1021 3407 Bas-Waddington
1054 3323 1107 3388 Ill
1149 3324 1211 3390 845

111 3425 269 3508 (Aezenis
294 3430 426 3512 repert.)
456 3465 497 3474 -
524 3417 704 3493 Ἰουλιανόν
729 3422 925 3514 Τρύφωνος,
956 3425 1129 3517 νεωκόρον
1148 3437 1211 3499 τοῦ

111 3527 191 3610 Διὸς
213 3527 266 3600 διὰ
291 3536 386 3614 βίου,
429 3530 711 3622 είρηναρχήσαντα
743 3539 799 3602 καὶ
828 3527 1123 3626 ἀγορανομήσαντα
1154 3543 1212 3608 καί

112 3637 384 3728 στρατηγήσαντα
405 3645 462 3709 καί
482 3639 802 3730 χρεοφυλακήσαντα
823 3647 879 3711 καὶ
900 3641 1003 3712 πόλιν
1032 3643 1211 3736 στρατηγή-

113 3765 217 3814 σαντα
250 3743 314 3816 τὸν
345 3755 484 3837 πρῶτον
514 3745 624 3818 τόπον
656 3755 711 3819 καὶ
742 3751 872 3831 ἐντοῖς
900 3759 1032 3834 λοιποῖς
1051 3751 1212 3843 χρήσιμον

113 3850 236 3922 ἑαυτὸν
267 3852 483 3944 παρασχόντα
515 3864 557 3944 τή
588 3863 733 3947 πατρίδι.
790 3862 830 3926 ef.
861 3886 887 3927 ο.
910 3864 929 3928 ἰ.
953 3886 984 3949 g.
1014 3865 1104 3930 3201.
1137 3865 1210 3932 add.

186 4127 205 4191 ¹)
224 4128 298 4180 Haee
317 4131 400 4182 verba
418 4133 453 4184 ab
472 4133 619 4185 editoribus
636 4151 689 4185 non
711 4135 774 4186 satis
798 4140 869 4188 reete
892 4136 1029 4188 intellecta
1045 4153 1102 4190 esee
1119 4138 1211 4190 viden·

114 4217 158 4264 tur
176 4231 183 4264 :
202 4231 269 4280 quae
287 4217 408 4269 scribunt
424 4218 467 4284 (—
486 4213 620 4289 ἓνίτητος
637 4221 687 4274 καί
706 4216 842 4288 ὁμονοίας
858 4218 943 4291 μέχρι
953 4228 1004 4278 νῦν
1021 4223 1212 4296 τετηρημένης

115 4300 164 4352 καί
190 4295 372 4369 ἐπιγαμίαις,
401 4301 554 4372 παρθένων
580 4305 685 4374 σεμνὰς
714 4307 878 4375 νεοκορείας
904 4313 953 4377 τῆς
974 4306 1133 4380 ἁγνοτάτης
1159 4314 1210 4368 καί

116 4388 181 4454 παρ’
199 4382 298 4452 αὑτοῖς
315 4406 342 4443 κ.
362 4408 386 4444 τ.
405 4393 452 4454 λ),
472 4407 551 4443 sensu
569 4397 669 4443 errent.
